3152 4902
775 285 1145 353 -154-1

862 513 933 578 112.
956 464 959 470 ¹

795 675 989 738 Caesari.

357 829 530 897 (benissimo.
575 831 619 897 Er
649 829 693 897 eis
716 849 792 916 quse
815 832 922 898 scribit
944 829 983 897 ed
1006 851 1061 898 nos
1090 829 1143 898 dil.
1166 831 1208 898 fib
1241 831 1388 898 Beldsssr
1411 831 1497 897 Cesti·

267 947 384 1014 lioneus
408 948 544 1015 notorius
568 949 599 1014 et
621 948 749 1013 nuncius
772 950 876 1015 nester
890 948 1101 1034 cognoscimus
1124 947 1239 1032 aliquid
1256 947 1390 1032 quotidie
1410 948 1443 1014 de
1457 953 1497 1013 tue

266 1063 382 1148 optime
411 1081 484 1150 erge
513 1083 568 1131 nos
597 1066 628 1131 et
659 1062 804 1131 Sanctam
833 1063 1032 1149 apostolicam
1056 1061 1165 1130 Sedem
1194 1064 1351 1131 voluntate
1379 1067 1409 1131 et
1435 1064 1498 1149 qued

268 1187 363 1248 sero·
393 1183 447 1248 tue
468 1181 501 1248 in
524 1181 714 1248 sermonibus
744 1181 886 1247 omnibns
909 1200 984 1267 quos
1012 1181 1114 1259 hebet,
1143 1180 1285 1247 ostendet
1315 1200 1401 1247 susm
1427 1200 1497 1264 open

266 1297 357 1380 etque
386 1297 614 1363 observantium
644 1297 732 1365 nobis
754 1299 786 1364 et
808 1297 907 1364 eidem
930 1295 1001 1364 Sodi
1030 1297 1114 1364 nuile
1142 1297 1207 1364 loce
1230 1295 1412 1378 debitorem,
1439 1316 1498 1382 quse
1561 1319 1562 1322 ¹

266 1411 442 1478 testimonis
471 1413 568 1479 enimi
591 1413 638 1478 sui
669 1433 786 1497 semper
808 1413 897 1480 nobis
925 1411 1162 1494 iucundissimo,
1191 1413 1367 1480 boeotiam
1396 1413 1498 1479 menreb
1561 1453 1562 1488 ;

265 1527 441 1595 iucundiore
470 1529 549 1614 quod
579 1528 692 1595 litteris
716 1547 809 1595 manu
838 1529 892 1594 tue
915 1529 1038 1614 seriptis
1067 1528 1247 1595 confirmatu
1277 1531 1358 1595 sunt
1405 1529 1499 1596 Scribit
1561 1541 1562 1566 ²

263 1643 346 1711 idem
369 1645 461 1711 etism
486 1644 622 1712 foederis
637 1644 717 1710 inter
739 1664 795 1711 nes
818 1644 889 1710 initi
911 1645 1124 1712 conventiones
1148 1645 1201 1710 tue
1224 1645 1400 1712 assensione
1421 1645 1498 1710 fuisse

264 1762 484 1845 comprobatos,
514 1761 593 1845 qued
616 1761 714 1828 multe
737 1760 825 1828 nobis
854 1759 1069 1846 gratissimum
1092 1759 1166 1838 iuit;
1190 1780 1250 1846 qus
1273 1762 1357 1827 enim
1380 1759 1498 1828 neside

263 1880 294 1942 ot
310 1895 368 1961 que
384 1875 559 1944 sinceritate
574 1877 670 1944 enimi
693 1875 732 1943 ed
746 1876 852 1943 feodus
874 1876 952 1943 illud
967 1876 1151 1942 secessimus
1175 1876 1281 1944 endem
1305 1883 1410 1943 ser.tem
1428 1879 1497 1942 mern

264 2010 325 2059 non
348 1991 525 2060 dubitemus
547 1993 581 2060 in
603 2013 637 2060 ee
661 2013 727 2060 esse
749 2013 989 2078 permansurum,
1019 2011 1204 2078 quemquem
1227 1991 1305 2059 illud
1327 1993 1429 2060 foedus
1449 2011 1497 2057 non

263 2111 328 2174 tem
351 2127 429 2176 nove
451 2109 623 2177 coniunctio
637 2109 719 2176 inter
739 2129 795 2176 nes
819 2109 921 2176 extitit
943 2128 1035 2194 quem
1056 2110 1168 2176 veteris
1182 2107 1416 2176 necessitudinis
1437 2129 1496 2174 con·

262 2223 410 2290 flrrriotio:
441 2224 494 2291 sed
517 2225 552 2290 ut
573 2223 678 2292 feodus
708 2227 808 2292 tetum
831 2245 925 2291 unam
954 2225 1048 2292 babet
1076 2243 1217 2291 normam
1239 2225 1270 2292 ei
1299 2245 1393 2292 unum
1421 2225 1497 2290 fidon

260 2339 478 2420 observantius,
501 2342 717 2425 proptereaque
732 2342 849 2407 soteres
865 2342 896 2408 ot
911 2343 1043 2407 emtores
1060 2341 1105 2406 tui
1128 2341 1180 2425 qui
1196 2343 1324 2427 egerunt
1346 2341 1498 2409 nobiseum.

262 2475 297 2521 se
320 2475 375 2522 nes
399 2456 451 2540 qui
473 2475 543 2522 eum
565 2457 629 2522 illis
652 2458 866 2538 contraximus,
895 2475 957 2523 uns
979 2455 1038 2522 fide
1060 2459 1092 2524 et
1113 2477 1173 2524 uno
1196 2457 1388 2524 iureiurando
1410 2455 1498 2523 emnia

262 2569 354 2638 simul
383 2572 681 2657 comprehendimus;
711 2573 756 2639 sic
785 2573 818 2640 in
842 2573 974 2659 singulis
1002 2573 1142 2658 pertibus
1166 2592 1221 2639 sue
1243 2575 1291 2639 est
1319 2571 1498 2640 observantis

260 2688 428 2756 tribuendo
472 2689 518 2756 Ac
540 2689 575 2756 ut
597 2689 685 2756 nobis
708 2689 830 2774 quidem
845 2688 972 2769 videtur,
995 2689 1028 2757 in
1051 2690 1115 2755 teto
1130 2687 1247 2756 foedere
1270 2689 1315 2756 ite
1336 2689 1441 2756 hebiis
1460 2689 1499 2753 ost

259 2804 336 2871 ratio
359 2803 572 2889 amplitudinis
595 2806 665 2872 tuce
687 2807 722 2871 ut
745 2807 865 2872 nostres
888 2807 991 2890 partes
1014 2805 1076 2870 tuis
1098 2825 1160 2872 nen
1182 2805 1343 2872 fecerimus
1366 2806 1498 2891 potiores:

259 2919 284 2986 si
309 2919 381 3006 quid
410 2939 480 2988 vero
503 2919 542 2986 ed
564 2939 619 2987 nos
649 2923 681 2988 et
703 2919 742 2986 sd
766 2919 874 2988 Sedem
905 2920 1103 3005 epesubmm
1133 2920 1221 2987 valde
1243 2921 1400 3005 pertinuit
1428 2917 1497 3005 qnod

257 3036 479 3104 adlevandum
502 3037 719 3104 contumelium
742 3056 818 3121 quse
841 3038 966 3103 nocente
990 3035 1066 3103 Sede
1088 3037 1148 3103 fuit
1170 3039 1305 3122 acceptu
1328 3039 1361 3103 et
1383 3037 1421 3102 nd
1441 3035 1495 3120 pri-

258 3153 371 3219 stinem
395 3153 619 3237 possessionem
641 3152 879 3236 recuperandum
900 3153 933 3218 in
955 3151 1073 3219 foedere
1101 3153 1160 3218 brit
1183 3153 1359 3237 oppositum
1382 3155 1413 3218 et
1434 3170 1496 3216 sen-
1560 3201 1561 3240 3

258 3269 363 3348 eitum
386 3269 423 3335 do
445 3286 481 3335 eo
502 3269 661 3336 hortemur
684 3274 789 3335 sorte¹11
811 3270 899 3335 tuem
922 3286 958 3334 sc
979 3268 1063 3334 omni
1086 3268 1183 3334 enimi
1212 3269 1311 3335 nostri
1335 3268 1434 3335 studio
1454 3285 1496 3331 re·
1560 3289 1561 3356 ς

256 3385 415 3470 quirimus,
445 3385 480 3450 ut
502 3383 581 3470 qued
603 3384 799 3469 promissum,
828 3384 860 3449 et
881 3383 941 3449 fide
967 3383 1166 3450 iurisiurandi
1194 3402 1247 3467 per
1276 3387 1410 3450 oratores
1438 3387 1496 3448 tuos

255 3520 379 3568 consoni
401 3503 488 3568 tunm
503 3500 741 3588 diligentissime
763 3502 889 3585 egentes
912 3499 1125 3566 confirmatum
1149 3499 1216 3580 fuit
1239 3499 1270 3568 id
1286 3503 1322 3567 ut
1339 3501 1427 3568 nobis
1447 3498 1494 3563 eb·

255 3618 391 3684 servetur
413 3635 449 3684 ee
463 3635 556 3702 quem
570 3617 705 3702 primum
727 3617 898 3701 preesieteu
912 3615 989 3684 velie
1012 3615 1144 3694 officere;
1166 3616 1329 3700 presertim
1344 3635 1413 3684 curn
1427 3612 1497 3682 nibil

254 3733 312 3800 tibi
335 3733 368 3800 in
391 3753 425 3800 eo
448 3732 627 3800 debebatur
654 3733 784 3800 adverus
807 3751 895 3818 quem
920 3752 940 3798 u
961 3732 1050 3800 nobis
1072 3731 1241 3800 liuntur
1262 3733 1311 3798 est
1333 3732 1448 3798 sotum:
1468 3731 1495 3795 et

252 3851 346 3916 etism
371 3850 437 3916 sine
458 3849 583 3928 foedere,
607 3849 761 3934 digniores
784 3866 839 3915 nos
863 3867 930 3915 esso
953 3848 1118 3915 demamus
1139 3866 1232 3932 quem
1255 3847 1357 3932 quivis
1378 3845 1494 3914 sliusin

253 3986 328 4052 ques
358 3968 412 4032 tus
442 3965 485 4032 sit
506 3965 545 4032 ed
567 3965 804 4051 gratificandum
825 3983 975 4050 propense
1004 3965 1155 4030 veluntas.
1201 3959 1405 4043 Quamobrem
1432 3979 1495 4026 vero

253 4102 308 4148 nes
331 4081 419 4166 digni
447 4081 549 4168 magis
577 4100 644 4149 osse
667 4081 840 4160 debeemus,
868 4080 975 4148 iccirco
998 4099 1059 4147 non
1088 4078 1269 4145 ascribimus
1298 4077 1371 4162 quis
1399 4083 1493 4143 serius

252 4201 338 4263 tunm
367 4197 598 4283 perseipsum
628 4196 809 4264 confidimus
831 4196 1019 4281 intelligere,
1050 4197 1081 4261 et
1109 4197 1212 4260 temen
1236 4193 1365 4277 abipso
1393 4190 1494 4258 nmeio

251 4314 355 4377 nestro
377 4315 409 4378 et
424 4313 512 4378 docta
527 4315 575 4380 eet
597 4311 776 4396 etamplius
799 4310 963 4378 docebitur.
995 4309 1082 4377 Corte
1106 4309 1133 4375 si
1155 4310 1213 4374 bae
1228 4327 1281 4393 spo
1304 4311 1336 4374 et
1350 4308 1493 4392 aequitate

251 4427 473 4506 mutuemur,
496 4445 557 4493 non
579 4426 644 4493 sine
667 4445 756 4493 onero
772 4425 859 4494 Sedis
881 4425 1063 4510 opostelicso
1078 4443 1113 4492 se
1128 4427 1231 4492 nestro
1254 4443 1310 4491 nec
1333 4425 1397 4492 sine
1412 4415 1498 4510 gravi
