3128 4908
553 309 796 386 -285-

66 509 174 597 speciali
194 513 297 582 aeeira
315 511 417 601 gratia
431 513 667 583 reservationem
690 513 893 582 beneficorum
908 511 1181 584 ecclesiasticorum
1202 532 1298 604 neque

65 629 95 694 ud
110 650 255 697 summam
278 631 406 698 duorum
421 631 556 698 millium
572 631 751 698 ducatorum
774 631 849 712 auri,
871 631 905 697 in
920 631 1096 699 civitatibus
1114 635 1146 700 et
1167 633 1296 700 diocesi-

66 747 112 810 tua
131 747 314 826 Treuerenai,
335 747 514 832 urgentius,
537 745 772 827 Constantianai,
795 748 827 813 et
849 746 1027 827 Basileensi,
1048 748 1182 833 proxime
1206 767 1296 815 raca-

65 865 183 927 lurorum
197 863 329 947 henigne
346 861 514 930 concedere.
539 863 588 928 Ita
604 862 727 947 quidem
740 861 820 947 quod
835 862 1011 930 huiusmodi
1024 865 1188 932 reservatio
1203 865 1297 931 etiam

64 976 93 1040 ud
113 977 276 1060 dignitates
298 977 481 1063 principales
504 980 569 1045 tem
591 977 895 1062 metropolitanarum
913 977 1006 1063 duam
1028 980 1122 1045 etiam
1137 981 1296 1046 cathedra-

65 1091 127 1158 lium
154 1096 184 1158 et
206 1094 437 1177 collegiatarum
467 1094 662 1160 ecclesiarum
686 1095 719 1160 in
748 1093 873 1160 meliora
892 1093 991 1160 forma
1011 1095 1164 1162 letissime
1192 1099 1296 1163 erten-

63 1206 146 1284 datur.
169 1227 203 1274 ac
225 1211 320 1275 etiam
342 1211 369 1275 ai
389 1228 464 1294 opus
487 1209 579 1276 tuerit
593 1209 673 1294 quod
689 1211 722 1276 in
738 1209 913 1276 huiuamodi
928 1210 1119 1277 concessione
1135 1213 1299 1279 reservatio

63 1323 215 1404 spiritualis
230 1324 270 1390 ad
286 1325 493 1409 preposituras
517 1329 692 1392 sanctornm
707 1325 829 1391 Paulini
852 1327 883 1392 at
899 1323 1050 1393 Simeonis
1072 1327 1154 1393 intra
1168 1331 1200 1394 et
1214 1332 1298 1394 crtus

63 1457 151 1504 mures
164 1439 364 1506 Treverenaes
386 1440 485 1507 eidem
500 1439 779 1525 comprehendatur.
814 1441 851 1506 ln
874 1460 932 1526 quo
948 1441 1097 1508 sanctitas
1112 1445 1213 1510 uestra
1234 1464 1299 1512 rem

63 1551 138 1619 iaciat
151 1558 182 1620 et
196 1556 360 1622 clementia
376 1575 431 1622 sua
445 1556 572 1642 Quam
589 1558 620 1623 et
636 1557 725 1624 nohis
740 1557 893 1642 imprimis
908 1557 1071 1624 iucundam
1084 1559 1175 1642 atque
1190 1578 1296 1644 accep-

61 1669 115 1734 tum
129 1689 217 1754 qnam
241 1690 297 1737 nos
313 1673 344 1737 et
359 1691 432 1756 erge
447 1691 516 1738 eam
540 1673 623 1739 omni
646 1672 735 1739 filiali
755 1674 859 1739 nostra
874 1673 1066 1739 obseruantia
1088 1693 1299 1760 recognoscere

61 1783 260 1853 hhorahimus.
316 1784 579 1868 Quemadmodum
612 1807 630 1853 a
661 1788 826 1873 magnifico
857 1787 941 1854 fideli
971 1787 1080 1855 dilecto
1113 1792 1231 1857 oratore
1267 1794 1298 1857 et

61 1901 217 1969 mndlisrio
241 1899 376 1969 (lerardo
399 1901 436 1968 de
459 1903 555 1968 Plana
570 1903 668 1988 Rupis
690 1902 815 1970 domino
837 1903 899 1989 (cui
914 1905 946 1970 in
966 1905 1015 1969 his
1038 1907 1069 1970 et
1091 1905 1297 1973 omnimodam

60 2013 138 2080 fidem
160 2019 191 2082 et
205 2016 372 2102 benignam
394 2017 581 2085 audientiam
604 2018 739 2086 exhiberi
755 2017 907 2106 cupimus)
931 2020 1025 2086 latiua
1047 2021 1219 2105 intelligere
1241 2039 1297 2106 po·

61 2129 129 2196 terit
171 2132 210 2196 st
242 2132 437 2199 sanctitatem
461 2137 595 2199 vestram
625 2134 740 2219 optime
763 2136 862 2202 velare
885 2137 1132 2221 sacrosancieque
1154 2138 1298 2206 ecclesiae

60 2244 103 2309 diu
124 2246 250 2313 feliciter
271 2267 392 2332 praessa
414 2249 561 2333 cupimus.
604 2250 685 2315 Data
709 2249 744 2316 in
766 2249 890 2317 civitate
912 2253 1017 2318 nostra
1039 2252 1199 2337 Burgensi.
1240 2254 1299 2319 Die

61 2361 129 2427 xviii
151 2361 227 2429 Maii
249 2382 329 2430 anno
351 2363 476 2431 Domini
498 2365 664 2431 millesimo
686 2365 926 2450 quingentisimo
945 2367 1094 2452 vigesimo
1109 2371 1224 2452 quartu,
1247 2388 1296 2434 re-

61 2491 175 2556 gnorum
197 2479 372 2545 nostrorum
394 2480 513 2546 romani
534 2480 649 2564 quinto,
673 2481 802 2547 aliorum
824 2501 894 2548 vero
917 2481 1054 2550 omnium
1077 2501 1164 2550 nono.

137 2707 262 2777 Carolus
285 2709 389 2777 divina
420 2711 540 2778 maante
563 2713 725 2779 clementia
752 2714 865 2780 electus
897 2715 1103 2781 Romanorum
1135 2715 1299 2800 imperator

62 2840 166 2908 semper
180 2826 341 2911 Angustus
356 2845 392 2892 ac
407 2825 597 2908 Germaniae,
618 2828 837 2912 Hispaniarum
852 2830 1009 2914 utriusque
1025 2829 1155 2909 Siciliae,
1172 2831 1298 2898 Hierlm.

63 2937 231 3024 ngsriae‚
247 2941 431 3021 Dalmatiae,
447 2941 585 3010 Orcadas
607 2962 666 3023 rar,
685 2943 829 3010 archidux
845 2944 996 3024 susanae,
1019 2944 1079 3011 dur
1093 2946 1298 3031 Burgundios,

62 3052 231 3122 Brahentiae
254 3059 286 3122 ct
307 3075 409 3124 comes
432 3057 592 3125 lilandriae
615 3061 670 3126 etc.

1075 3175 1209 3244 Carolus.

640 3435 713 3503 215.

423 3597 575 3660 Carolus
597 3601 639 3660 v.
662 3599 834 3660 Clementi
854 3602 927 3662 v11.

499 3709 586 3796 (Litt.
602 3709 696 3794 princ.
713 3710 752 3776 II.
770 3711 858 3796 223).

537 3824 603 3912 (25.
618 3824 695 3892 Maii
713 3825 822 3912 1524).

142 3984 325 4052 Beatissimo
340 3987 426 4070 pstor
441 3985 563 4053 domine
577 3985 837 4054 reverendissime.
861 3985 982 4069 Quanto
999 3989 1178 4056 clementius
1198 3989 1302 4056 diuina

65 4095 171 4166 bonitas
192 4101 352 4168 nohiscum
376 4101 443 4185 agit
464 4119 498 4167 eo
521 4103 622 4188 magia
638 4103 779 4170 conuenit
802 4123 856 4169 nos
880 4103 1052 4188 intelligere
1075 4107 1166 4190 atque
1189 4105 1301 4172 sentire

66 4218 198 4293 quantrm
221 4217 271 4283 illi
292 4216 466 4296 demamus,
499 4218 552 4283 sed
574 4219 696 4284 tanturn
718 4219 851 4302 proiecto
880 4221 928 4285 eat
950 4221 985 4285 ut
1014 4219 1091 4284 illud
1113 4219 1244 4286 minima
1265 4239 1300 4288 ex

66 4329 140 4407 pero
161 4331 209 4397 uir
238 4351 345 4416 capere
375 4333 477 4399 mente
507 4333 669 4418 possimus.
715 4333 798 4400 Nam
821 4333 894 4418 quid
926 4334 1061 4401 foelicius
1084 4336 1138 4400 aut
1166 4335 1300 4418 optatius

67 4445 225 4532 confingere
243 4448 403 4534 potuisset
427 4467 519 4533 quam
542 4451 577 4515 ut
592 4451 696 4516 tautum
718 4449 818 4516 hostis
834 4448 951 4531 Gallus,
974 4450 1027 4536 qui
1041 4449 1201 4536 praecipuo
1224 4469 1299 4538 quo-
