<?xml version="1.0" encoding="UTF-8"?>
<!DOCTYPE html PUBLIC "-//W3C//DTD XHTML 1.0 Transitional//EN"
    "http://www.w3.org/TR/xhtml1/DTD/xhtml1-transitional.dtd">
<html xmlns="http://www.w3.org/1999/xhtml" xml:lang="en" lang="en">
 <head>
  <title>
</title>
<meta http-equiv="Content-Type" content="text/html;charset=utf-8" />
  <meta name='ocr-system' content='tesseract 3.04.00' />
  <meta name='ocr-capabilities' content='ocr_page ocr_carea ocr_par ocr_line ocrx_word'/>
</head>
<body>
  <div class='ocr_page' id='page_1' title='image "./monumentasaecul00sadogoog_0121.png"; bbox 0 0 3152 4902; ppageno 0'>
   <div class='ocr_carea' id='block_1_1' title="bbox 287 514 1447 929">
    <p class='ocr_par' dir='ltr' id='par_1_1' title="bbox 287 514 1447 929">
     <span class='ocr_line' id='line_1_1' title="bbox 797 514 848 580; baseline 0.02 -1"><span class='ocrx_word' id='word_1_1' title='bbox 797 514 848 580; x_wconf 79' lang='lat'><strong>71.</strong></span> 
     </span>
     <span class='ocr_line' id='line_1_2' title="bbox 660 681 987 753; baseline 0.003 -14"><span class='ocrx_word' id='word_1_2' title='bbox 660 681 816 752; x_wconf 78' lang='lat' dir='ltr'><strong>Reginae</strong></span> <span class='ocrx_word' id='word_1_3' title='bbox 838 681 987 753; x_wconf 74' lang='lat' dir='ltr'><strong>Angliae</strong></span> 
     </span>
     <span class='ocr_line' id='line_1_3' title="bbox 287 831 1447 929; baseline -0.001 -31"><span class='ocrx_word' id='word_1_4' title='bbox 287 832 452 898; x_wconf 85' lang='lat' dir='ltr'><strong>Carissima</strong></span> <span class='ocrx_word' id='word_1_5' title='bbox 473 833 507 898; x_wconf 93' lang='lat' dir='ltr'><strong>in</strong></span> <span class='ocrx_word' id='word_1_6' title='bbox 530 831 650 899; x_wconf 81' lang='lat' dir='ltr'><strong>Christo</strong></span> <span class='ocrx_word' id='word_1_7' title='bbox 673 834 737 899; x_wconf 88' lang='lat' dir='ltr'><strong>filia</strong></span> <span class='ocrx_word' id='word_1_8' title='bbox 759 836 864 899; x_wconf 88' lang='lat' dir='ltr'><strong>nostra</strong></span> <span class='ocrx_word' id='word_1_9' title='bbox 886 837 941 900; x_wconf 87' lang='lat' dir='ltr'><strong>etc.</strong></span> <span class='ocrx_word' id='word_1_10' title='bbox 987 833 1241 929; x_wconf 46' lang='lat' dir='ltr'><strong>Redeuntilistuc</strong></span> <span class='ocrx_word' id='word_1_11' title='bbox 1263 833 1301 899; x_wconf 88' lang='lat' dir='ltr'><strong>ad</strong></span> <span class='ocrx_word' id='word_1_12' title='bbox 1325 833 1447 898; x_wconf 85' lang='lat' dir='ltr'><strong>carissi·</strong></span> 
     </span>
    </p>
   </div>
   <div class='ocr_carea' id='block_1_2' title="bbox 200 947 1569 1034">
    <p class='ocr_par' dir='ltr' id='par_1_2' title="bbox 200 947 1569 1034">
     <span class='ocr_line' id='line_1_4' title="bbox 200 947 1569 1034; baseline -0.001 -21"><span class='ocrx_word' id='word_1_13' title='bbox 200 969 285 1013; x_wconf 91' lang='lat' dir='ltr'><strong>mum</strong></span> <span class='ocrx_word' id='word_1_14' title='bbox 307 948 341 1014; x_wconf 91' lang='lat' dir='ltr'><strong>iu</strong></span> <span class='ocrx_word' id='word_1_15' title='bbox 363 947 483 1014; x_wconf 80' lang='lat' dir='ltr'><strong>Christo</strong></span> <span class='ocrx_word' id='word_1_16' title='bbox 505 949 604 1014; x_wconf 83' lang='lat' dir='ltr'><strong>tilium</strong></span> <span class='ocrx_word' id='word_1_17' title='bbox 627 951 765 1015; x_wconf 84' lang='lat' dir='ltr'><strong>nostrum</strong></span> <span class='ocrx_word' id='word_1_18' title='bbox 788 949 955 1016; x_wconf 88' lang='lat' dir='ltr'><strong>Henricum</strong></span> <span class='ocrx_word' id='word_1_19' title='bbox 977 951 1107 1034; x_wconf 78' lang='lat' dir='ltr'><strong>Anglice</strong></span> <span class='ocrx_word' id='word_1_20' title='bbox 1129 969 1234 1034; x_wconf 87' lang='lat' dir='ltr'><strong>regern</strong></span> <span class='ocrx_word' id='word_1_21' title='bbox 1256 947 1329 1014; x_wconf 87' lang='lat' dir='ltr'><strong>fidei</strong></span> <span class='ocrx_word' id='word_1_22' title='bbox 1345 947 1447 1014; x_wconf 82' lang='lat' dir='ltr'><strong>deten-</strong></span> <span class='ocrx_word' id='word_1_23' title='bbox 1568 961 1569 978; x_wconf 63' lang='lat'>¹</span> 
     </span>
    </p>
   </div>
   <div class='ocr_carea' id='block_1_3' title="bbox 196 1064 1459 4509">
    <p class='ocr_par' dir='ltr' id='par_1_3' title="bbox 196 1064 1459 3678">
     <span class='ocr_line' id='line_1_5' title="bbox 199 1064 1450 1150; baseline -0.002 -20"><span class='ocrx_word' id='word_1_24' title='bbox 199 1083 298 1130; x_wconf 87' lang='lat' dir='ltr'><strong>sorem</strong></span> <span class='ocrx_word' id='word_1_25' title='bbox 320 1064 478 1148; x_wconf 88' lang='lat' dir='ltr'><strong>coniugem</strong></span> <span class='ocrx_word' id='word_1_26' title='bbox 501 1067 589 1130; x_wconf 90' lang='lat' dir='ltr'><strong>tuum</strong></span> <span class='ocrx_word' id='word_1_27' title='bbox 611 1064 720 1130; x_wconf 88' lang='lat' dir='ltr'><strong>dilecto</strong></span> <span class='ocrx_word' id='word_1_28' title='bbox 743 1065 806 1131; x_wconf 86' lang='lat' dir='ltr'><strong>filio</strong></span> <span class='ocrx_word' id='word_1_29' title='bbox 830 1065 976 1150; x_wconf 81' lang='lat' dir='ltr'><strong>Gregorio</strong></span> <span class='ocrx_word' id='word_1_30' title='bbox 999 1065 1096 1150; x_wconf 89' lang='lat' dir='ltr'><strong>equiti</strong></span> <span class='ocrx_word' id='word_1_31' title='bbox 1111 1064 1231 1130; x_wconf 83' lang='lat' dir='ltr'><strong>Casalio</strong></span> <span class='ocrx_word' id='word_1_32' title='bbox 1254 1064 1450 1130; x_wconf 77' lang='lat' dir='ltr'><strong>adiunximus</strong></span> 
     </span>
     <span class='ocr_line' id='line_1_6' title="bbox 198 1179 1449 1267; baseline -0.001 -21"><span class='ocrx_word' id='word_1_33' title='bbox 198 1199 263 1246; x_wconf 79' lang='lat' dir='ltr'><strong>ven</strong></span> <span class='ocrx_word' id='word_1_34' title='bbox 280 1181 405 1246; x_wconf 73' lang='lat' dir='ltr'><strong>stanam</strong></span> <span class='ocrx_word' id='word_1_35' title='bbox 422 1179 641 1266; x_wconf 82' lang='lat' dir='ltr'><strong>Hieronymum</strong></span> <span class='ocrx_word' id='word_1_36' title='bbox 663 1182 837 1265; x_wconf 88' lang='lat' dir='ltr'><strong>episcopum</strong></span> <span class='ocrx_word' id='word_1_37' title='bbox 852 1181 1101 1267; x_wconf 87' lang='lat' dir='ltr'><strong>Wigomiensem</strong></span> <span class='ocrx_word' id='word_1_38' title='bbox 1122 1182 1295 1264; x_wconf 82' lang='lat' dir='ltr'><strong>praelatum</strong></span> <span class='ocrx_word' id='word_1_39' title='bbox 1310 1183 1449 1246; x_wconf 86' lang='lat' dir='ltr'><strong>nostrum</strong></span> 
     </span>
     <span class='ocr_line' id='line_1_7' title="bbox 198 1296 1450 1381; baseline 0 -19"><span class='ocrx_word' id='word_1_40' title='bbox 198 1296 407 1376; x_wconf 78' lang='lat' dir='ltr'><strong>domesticum</strong></span> <span class='ocrx_word' id='word_1_41' title='bbox 431 1298 483 1380; x_wconf 91' lang='lat' dir='ltr'><strong>qui</strong></span> <span class='ocrx_word' id='word_1_42' title='bbox 505 1297 543 1361; x_wconf 91' lang='lat' dir='ltr'><strong>ad</strong></span> <span class='ocrx_word' id='word_1_43' title='bbox 566 1296 694 1362; x_wconf 82' lang='lat' dir='ltr'><strong>eundem</strong></span> <span class='ocrx_word' id='word_1_44' title='bbox 717 1317 821 1381; x_wconf 85' lang='lat' dir='ltr'><strong>regem</strong></span> <span class='ocrx_word' id='word_1_45' title='bbox 843 1299 980 1378; x_wconf 83' lang='lat' dir='ltr'><strong>tendens,</strong></span> <span class='ocrx_word' id='word_1_46' title='bbox 1002 1299 1108 1364; x_wconf 86' lang='lat' dir='ltr'><strong>nostra</strong></span> <span class='ocrx_word' id='word_1_47' title='bbox 1123 1297 1217 1362; x_wconf 85' lang='lat' dir='ltr'><strong>ctiam</strong></span> <span class='ocrx_word' id='word_1_48' title='bbox 1241 1299 1343 1362; x_wconf 89' lang='lat' dir='ltr'><strong>tecum</strong></span> <span class='ocrx_word' id='word_1_49' title='bbox 1367 1316 1450 1362; x_wconf 87' lang='lat' dir='ltr'><strong>com·</strong></span> 
     </span>
     <span class='ocr_line' id='line_1_8' title="bbox 201 1411 1452 1498; baseline -0.003 -18"><span class='ocrx_word' id='word_1_50' title='bbox 201 1413 369 1480; x_wconf 88' lang='lat' dir='ltr'><strong>municeret</strong></span> <span class='ocrx_word' id='word_1_51' title='bbox 391 1413 526 1492; x_wconf 81' lang='lat' dir='ltr'><strong>consilia,</strong></span> <span class='ocrx_word' id='word_1_52' title='bbox 548 1411 687 1496; x_wconf 87' lang='lat' dir='ltr'><strong>factaque</strong></span> <span class='ocrx_word' id='word_1_53' title='bbox 716 1413 921 1497; x_wconf 83' lang='lat' dir='ltr'><strong>gratulatione</strong></span> <span class='ocrx_word' id='word_1_54' title='bbox 944 1415 1010 1478; x_wconf 87' lang='lat' dir='ltr'><strong>tam</strong></span> <span class='ocrx_word' id='word_1_55' title='bbox 1032 1413 1167 1498; x_wconf 83' lang='lat' dir='ltr'><strong>insignis</strong></span> <span class='ocrx_word' id='word_1_56' title='bbox 1191 1412 1337 1478; x_wconf 85' lang='lat' dir='ltr'><strong>uictoriae</strong></span> <span class='ocrx_word' id='word_1_57' title='bbox 1361 1431 1452 1496; x_wconf 88' lang='lat' dir='ltr'><strong>quam</strong></span> 
     </span>
     <span class='ocr_line' id='line_1_9' title="bbox 198 1526 1451 1611; baseline -0.001 -16"><span class='ocrx_word' id='word_1_58' title='bbox 198 1528 348 1595; x_wconf 82' lang='lat' dir='ltr'><strong>Dominus</strong></span> <span class='ocrx_word' id='word_1_59' title='bbox 371 1527 560 1611; x_wconf 83' lang='lat' dir='ltr'><strong>omnipotens</strong></span> <span class='ocrx_word' id='word_1_60' title='bbox 585 1527 778 1594; x_wconf 90' lang='lat' dir='ltr'><strong>serenissimo</strong></span> <span class='ocrx_word' id='word_1_61' title='bbox 794 1526 915 1594; x_wconf 79' lang='lat' dir='ltr'><strong>Caesari</strong></span> <span class='ocrx_word' id='word_1_62' title='bbox 939 1532 970 1595; x_wconf 89' lang='lat' dir='ltr'><strong>et</strong></span> <span class='ocrx_word' id='word_1_63' title='bbox 991 1529 1057 1595; x_wconf 91' lang='lat' dir='ltr'><strong>cius</strong></span> <span class='ocrx_word' id='word_1_64' title='bbox 1080 1528 1208 1596; x_wconf 83' lang='lat' dir='ltr'><strong>ducibus</strong></span> <span class='ocrx_word' id='word_1_65' title='bbox 1230 1527 1270 1594; x_wconf 83' lang='lat' dir='ltr'><strong>ad</strong></span> <span class='ocrx_word' id='word_1_66' title='bbox 1288 1527 1451 1594; x_wconf 84' lang='lat' dir='ltr'><strong>extinctio-</strong></span> 
     </span>
     <span class='ocr_line' id='line_1_10' title="bbox 197 1643 1454 1727; baseline -0.002 -15"><span class='ocrx_word' id='word_1_67' title='bbox 197 1664 269 1712; x_wconf 91' lang='lat' dir='ltr'><strong>nem</strong></span> <span class='ocrx_word' id='word_1_68' title='bbox 290 1644 441 1711; x_wconf 88' lang='lat' dir='ltr'><strong>bellorum</strong></span> <span class='ocrx_word' id='word_1_69' title='bbox 463 1645 497 1708; x_wconf 90' lang='lat' dir='ltr'><strong>ut</strong></span> <span class='ocrx_word' id='word_1_70' title='bbox 513 1662 669 1727; x_wconf 86' lang='lat' dir='ltr'><strong>speramus</strong></span> <span class='ocrx_word' id='word_1_71' title='bbox 685 1643 822 1710; x_wconf 91' lang='lat' dir='ltr'><strong>omnium</strong></span> <span class='ocrx_word' id='word_1_72' title='bbox 845 1647 875 1710; x_wconf 90' lang='lat' dir='ltr'><strong>et</strong></span> <span class='ocrx_word' id='word_1_73' title='bbox 894 1645 1025 1712; x_wconf 88' lang='lat' dir='ltr'><strong>salutem</strong></span> <span class='ocrx_word' id='word_1_74' title='bbox 1041 1644 1277 1710; x_wconf 74' lang='lat' dir='ltr'><strong>christianitatis</strong></span> <span class='ocrx_word' id='word_1_75' title='bbox 1293 1645 1454 1722; x_wconf 80' lang='lat' dir='ltr'><strong>concessit</strong></span> 
     </span>
     <span class='ocr_line' id='line_1_11' title="bbox 198 1758 1454 1845; baseline 0.001 -19"><span class='ocrx_word' id='word_1_76' title='bbox 198 1760 259 1826; x_wconf 88' lang='lat' dir='ltr'><strong>alia</strong></span> <span class='ocrx_word' id='word_1_77' title='bbox 281 1758 388 1826; x_wconf 84' lang='lat' dir='ltr'><strong>deiude</strong></span> <span class='ocrx_word' id='word_1_78' title='bbox 411 1761 571 1844; x_wconf 84' lang='lat' dir='ltr'><strong>exponeret</strong></span> <span class='ocrx_word' id='word_1_79' title='bbox 593 1779 669 1845; x_wconf 88' lang='lat' dir='ltr'><strong>quae</strong></span> <span class='ocrx_word' id='word_1_80' title='bbox 684 1779 739 1825; x_wconf 89' lang='lat' dir='ltr'><strong>uos</strong></span> <span class='ocrx_word' id='word_1_81' title='bbox 762 1761 843 1826; x_wconf 87' lang='lat' dir='ltr'><strong>certo</strong></span> <span class='ocrx_word' id='word_1_82' title='bbox 861 1761 1046 1826; x_wconf 72' lang='lat' dir='ltr'><strong>arbitramur</strong></span> <span class='ocrx_word' id='word_1_83' title='bbox 1068 1761 1253 1828; x_wconf 88' lang='lat' dir='ltr'><strong>christianae</strong></span> <span class='ocrx_word' id='word_1_84' title='bbox 1268 1761 1454 1845; x_wconf 82' lang='lat' dir='ltr'><strong>reipublicae</strong></span> 
     </span>
     <span class='ocr_line' id='line_1_12' title="bbox 198 1874 1456 1961; baseline -0.002 -18"><span class='ocrx_word' id='word_1_85' title='bbox 198 1877 229 1944; x_wconf 90' lang='lat' dir='ltr'><strong>et</strong></span> <span class='ocrx_word' id='word_1_86' title='bbox 251 1876 312 1960; x_wconf 89' lang='lat' dir='ltr'><strong>ipsi</strong></span> <span class='ocrx_word' id='word_1_87' title='bbox 335 1874 456 1941; x_wconf 82' lang='lat' dir='ltr'><strong>Caesari</strong></span> <span class='ocrx_word' id='word_1_88' title='bbox 471 1877 502 1941; x_wconf 88' lang='lat' dir='ltr'><strong>et</strong></span> <span class='ocrx_word' id='word_1_89' title='bbox 525 1875 718 1942; x_wconf 90' lang='lat' dir='ltr'><strong>serenissimo</strong></span> <span class='ocrx_word' id='word_1_90' title='bbox 734 1875 828 1941; x_wconf 89' lang='lat' dir='ltr'><strong>etiam</strong></span> <span class='ocrx_word' id='word_1_91' title='bbox 851 1877 973 1961; x_wconf 88' lang='lat' dir='ltr'><strong>coniugi</strong></span> <span class='ocrx_word' id='word_1_92' title='bbox 996 1878 1048 1942; x_wconf 90' lang='lat' dir='ltr'><strong>tuo</strong></span> <span class='ocrx_word' id='word_1_93' title='bbox 1071 1876 1111 1942; x_wconf 89' lang='lat' dir='ltr'><strong>ad</strong></span> <span class='ocrx_word' id='word_1_94' title='bbox 1133 1877 1337 1943; x_wconf 73' lang='lat' dir='ltr'><strong>stabilitatem</strong></span> <span class='ocrx_word' id='word_1_95' title='bbox 1353 1875 1456 1943; x_wconf 87' lang='lat' dir='ltr'><strong>laudis</strong></span> 
     </span>
     <span class='ocr_line' id='line_1_13' title="bbox 197 1991 1456 2059; baseline -0.001 -1"><span class='ocrx_word' id='word_1_96' title='bbox 197 1995 229 2059; x_wconf 87' lang='lat' dir='ltr'><strong>et</strong></span> <span class='ocrx_word' id='word_1_97' title='bbox 250 1991 388 2059; x_wconf 90' lang='lat' dir='ltr'><strong>omnium</strong></span> <span class='ocrx_word' id='word_1_98' title='bbox 419 1991 527 2056; x_wconf 88' lang='lat' dir='ltr'><strong>salotis</strong></span> <span class='ocrx_word' id='word_1_99' title='bbox 557 2011 624 2058; x_wconf 88' lang='lat' dir='ltr'><strong>esse</strong></span> <span class='ocrx_word' id='word_1_100' title='bbox 654 1992 833 2057; x_wconf 89' lang='lat' dir='ltr'><strong>necessaria.</strong></span> <span class='ocrx_word' id='word_1_101' title='bbox 886 1992 1053 2058; x_wconf 88' lang='lat' dir='ltr'><strong>Hortamur</strong></span> <span class='ocrx_word' id='word_1_102' title='bbox 1078 1992 1274 2058; x_wconf 86' lang='lat' dir='ltr'><strong>serenitatem</strong></span> <span class='ocrx_word' id='word_1_103' title='bbox 1302 1993 1394 2058; x_wconf 89' lang='lat' dir='ltr'><strong>tuam</strong></span> <span class='ocrx_word' id='word_1_104' title='bbox 1424 1991 1456 2057; x_wconf 91' lang='lat' dir='ltr'><strong>in</strong></span> 
     </span>
     <span class='ocr_line' id='line_1_14' title="bbox 198 2107 1457 2193; baseline -0.002 -17"><span class='ocrx_word' id='word_1_105' title='bbox 198 2109 329 2176; x_wconf 87' lang='lat' dir='ltr'><strong>Domino</strong></span> <span class='ocrx_word' id='word_1_106' title='bbox 351 2110 387 2174; x_wconf 91' lang='lat' dir='ltr'><strong>ut</strong></span> <span class='ocrx_word' id='word_1_107' title='bbox 400 2108 517 2192; x_wconf 86' lang='lat' dir='ltr'><strong>prefato</strong></span> <span class='ocrx_word' id='word_1_108' title='bbox 540 2107 679 2192; x_wconf 76' lang='lat' dir='ltr'><strong>episcopo</strong></span> <span class='ocrx_word' id='word_1_109' title='bbox 702 2108 734 2172; x_wconf 88' lang='lat' dir='ltr'><strong>ct</strong></span> <span class='ocrx_word' id='word_1_110' title='bbox 748 2107 875 2172; x_wconf 89' lang='lat' dir='ltr'><strong>coeteris</strong></span> <span class='ocrx_word' id='word_1_111' title='bbox 890 2107 963 2172; x_wconf 91' lang='lat' dir='ltr'><strong>istic</strong></span> <span class='ocrx_word' id='word_1_112' title='bbox 985 2107 1104 2173; x_wconf 90' lang='lat' dir='ltr'><strong>nunciis</strong></span> <span class='ocrx_word' id='word_1_113' title='bbox 1127 2107 1243 2173; x_wconf 87' lang='lat' dir='ltr'><strong>uostris</strong></span> <span class='ocrx_word' id='word_1_114' title='bbox 1257 2108 1291 2173; x_wconf 92' lang='lat' dir='ltr'><strong>in</strong></span> <span class='ocrx_word' id='word_1_115' title='bbox 1313 2108 1355 2174; x_wconf 91' lang='lat' dir='ltr'><strong>iis</strong></span> <span class='ocrx_word' id='word_1_116' title='bbox 1379 2127 1457 2193; x_wconf 89' lang='lat' dir='ltr'><strong>quae</strong></span> 
     </span>
     <span class='ocr_line' id='line_1_15' title="bbox 197 2222 1456 2307; baseline 0 -17"><span class='ocrx_word' id='word_1_117' title='bbox 197 2223 311 2291; x_wconf 88' lang='lat' dir='ltr'><strong>nostris</strong></span> <span class='ocrx_word' id='word_1_118' title='bbox 327 2223 427 2289; x_wconf 89' lang='lat' dir='ltr'><strong>verbis</strong></span> <span class='ocrx_word' id='word_1_119' title='bbox 442 2222 500 2288; x_wconf 88' lang='lat' dir='ltr'><strong>tibi</strong></span> <span class='ocrx_word' id='word_1_120' title='bbox 516 2222 756 2307; x_wconf 86' lang='lat' dir='ltr'><strong>significaverint</strong></span> <span class='ocrx_word' id='word_1_121' title='bbox 770 2223 862 2288; x_wconf 89' lang='lat' dir='ltr'><strong>fidem</strong></span> <span class='ocrx_word' id='word_1_122' title='bbox 878 2242 1000 2289; x_wconf 88' lang='lat' dir='ltr'><strong>omnem</strong></span> <span class='ocrx_word' id='word_1_123' title='bbox 1018 2223 1130 2289; x_wconf 88' lang='lat' dir='ltr'><strong>habere</strong></span> <span class='ocrx_word' id='word_1_124' title='bbox 1144 2241 1180 2288; x_wconf 90' lang='lat' dir='ltr'><strong>ac</strong></span> <span class='ocrx_word' id='word_1_125' title='bbox 1195 2225 1332 2290; x_wconf 90' lang='lat' dir='ltr'><strong>mentem</strong></span> <span class='ocrx_word' id='word_1_126' title='bbox 1348 2243 1456 2290; x_wconf 88' lang='lat' dir='ltr'><strong>aures-</strong></span> 
     </span>
     <span class='ocr_line' id='line_1_16' title="bbox 199 2337 1458 2426; baseline 0 -21"><span class='ocrx_word' id='word_1_127' title='bbox 199 2360 257 2426; x_wconf 90' lang='lat' dir='ltr'><strong>que</strong></span> <span class='ocrx_word' id='word_1_128' title='bbox 279 2339 427 2424; x_wconf 83' lang='lat' dir='ltr'><strong>bsnignas</strong></span> <span class='ocrx_word' id='word_1_129' title='bbox 451 2340 481 2404; x_wconf 90' lang='lat' dir='ltr'><strong>et</strong></span> <span class='ocrx_word' id='word_1_130' title='bbox 511 2338 615 2404; x_wconf 88' lang='lat' dir='ltr'><strong>faciles</strong></span> <span class='ocrx_word' id='word_1_131' title='bbox 639 2337 781 2403; x_wconf 88' lang='lat' dir='ltr'><strong>adhibere</strong></span> <span class='ocrx_word' id='word_1_132' title='bbox 810 2338 902 2418; x_wconf 86' lang='lat' dir='ltr'><strong>velis,</strong></span> <span class='ocrx_word' id='word_1_133' title='bbox 932 2338 1124 2422; x_wconf 84' lang='lat' dir='ltr'><strong>gratiamque</strong></span> <span class='ocrx_word' id='word_1_134' title='bbox 1154 2357 1278 2404; x_wconf 89' lang='lat' dir='ltr'><strong>omnem</strong></span> <span class='ocrx_word' id='word_1_135' title='bbox 1306 2341 1458 2406; x_wconf 86' lang='lat' dir='ltr'><strong>tuamet</strong></span> 
     </span>
     <span class='ocr_line' id='line_1_17' title="bbox 197 2453 1456 2540; baseline -0.002 -17"><span class='ocrx_word' id='word_1_136' title='bbox 197 2475 285 2540; x_wconf 86' lang='lat' dir='ltr'><strong>opem</strong></span> <span class='ocrx_word' id='word_1_137' title='bbox 299 2456 330 2522; x_wconf 91' lang='lat' dir='ltr'><strong>et</strong></span> <span class='ocrx_word' id='word_1_138' title='bbox 345 2455 477 2520; x_wconf 84' lang='lat' dir='ltr'><strong>favorem</strong></span> <span class='ocrx_word' id='word_1_139' title='bbox 493 2453 572 2537; x_wconf 82' lang='lat' dir='ltr'><strong>apud</strong></span> <span class='ocrx_word' id='word_1_140' title='bbox 588 2453 817 2519; x_wconf 88' lang='lat' dir='ltr'><strong>serenissimum</strong></span> <span class='ocrx_word' id='word_1_141' title='bbox 832 2453 992 2539; x_wconf 88' lang='lat' dir='ltr'><strong>coniugem</strong></span> <span class='ocrx_word' id='word_1_142' title='bbox 1007 2455 1096 2519; x_wconf 90' lang='lat' dir='ltr'><strong>tuum</strong></span> <span class='ocrx_word' id='word_1_143' title='bbox 1119 2453 1158 2519; x_wconf 86' lang='lat' dir='ltr'><strong>ad</strong></span> <span class='ocrx_word' id='word_1_144' title='bbox 1172 2453 1347 2538; x_wconf 86' lang='lat' dir='ltr'><strong>peragenda</strong></span> <span class='ocrx_word' id='word_1_145' title='bbox 1363 2475 1456 2521; x_wconf 84' lang='lat' dir='ltr'><strong>man-</strong></span> 
     </span>
     <span class='ocr_line' id='line_1_18' title="bbox 197 2569 1458 2655; baseline -0.001 -18"><span class='ocrx_word' id='word_1_146' title='bbox 197 2571 270 2637; x_wconf 86' lang='lat' dir='ltr'><strong>data</strong></span> <span class='ocrx_word' id='word_1_147' title='bbox 291 2571 396 2638; x_wconf 83' lang='lat' dir='ltr'><strong>nostro</strong></span> <span class='ocrx_word' id='word_1_148' title='bbox 418 2571 449 2636; x_wconf 86' lang='lat' dir='ltr'><strong>et</strong></span> <span class='ocrx_word' id='word_1_149' title='bbox 463 2589 622 2636; x_wconf 87' lang='lat' dir='ltr'><strong>commuue</strong></span> <span class='ocrx_word' id='word_1_150' title='bbox 644 2569 738 2634; x_wconf 87' lang='lat' dir='ltr'><strong>totius</strong></span> <span class='ocrx_word' id='word_1_151' title='bbox 754 2569 989 2636; x_wconf 84' lang='lat' dir='ltr'><strong>christianitatis</strong></span> <span class='ocrx_word' id='word_1_152' title='bbox 1012 2569 1206 2636; x_wconf 84' lang='lat' dir='ltr'><strong>commodum</strong></span> <span class='ocrx_word' id='word_1_153' title='bbox 1228 2571 1259 2634; x_wconf 89' lang='lat' dir='ltr'><strong>et</strong></span> <span class='ocrx_word' id='word_1_154' title='bbox 1275 2571 1458 2655; x_wconf 86' lang='lat' dir='ltr'><strong>tranquilli·</strong></span> 
     </span>
     <span class='ocr_line' id='line_1_19' title="bbox 196 2685 1459 2770; baseline -0.002 -16"><span class='ocrx_word' id='word_1_155' title='bbox 196 2690 293 2754; x_wconf 87' lang='lat' dir='ltr'><strong>tutem</strong></span> <span class='ocrx_word' id='word_1_156' title='bbox 316 2685 534 2770; x_wconf 84' lang='lat' dir='ltr'><strong>procurandam</strong></span> <span class='ocrx_word' id='word_1_157' title='bbox 557 2685 738 2770; x_wconf 83' lang='lat' dir='ltr'><strong>impendere,</strong></span> <span class='ocrx_word' id='word_1_158' title='bbox 762 2685 947 2770; x_wconf 81' lang='lat' dir='ltr'><strong>eundemque</strong></span> <span class='ocrx_word' id='word_1_159' title='bbox 970 2685 1072 2768; x_wconf 87' lang='lat' dir='ltr'><strong>ipsum</strong></span> <span class='ocrx_word' id='word_1_160' title='bbox 1094 2685 1255 2770; x_wconf 85' lang='lat' dir='ltr'><strong>coniugem</strong></span> <span class='ocrx_word' id='word_1_161' title='bbox 1279 2687 1369 2751; x_wconf 90' lang='lat' dir='ltr'><strong>tuum</strong></span> <span class='ocrx_word' id='word_1_162' title='bbox 1396 2707 1459 2752; x_wconf 88' lang='lat' dir='ltr'><strong>una</strong></span> 
     </span>
     <span class='ocr_line' id='line_1_20' title="bbox 198 2798 1459 2885; baseline 0 -17"><span class='ocrx_word' id='word_1_163' title='bbox 198 2823 267 2868; x_wconf 91' lang='lat' dir='ltr'><strong>cum</strong></span> <span class='ocrx_word' id='word_1_164' title='bbox 288 2801 365 2885; x_wconf 88' lang='lat' dir='ltr'><strong>ipsis</strong></span> <span class='ocrx_word' id='word_1_165' title='bbox 388 2801 508 2868; x_wconf 85' lang='lat' dir='ltr'><strong>nunciis</strong></span> <span class='ocrx_word' id='word_1_166' title='bbox 530 2799 614 2866; x_wconf 91' lang='lat' dir='ltr'><strong>omui</strong></span> <span class='ocrx_word' id='word_1_167' title='bbox 637 2798 737 2868; x_wconf 83' lang='lat' dir='ltr'><strong>studio</strong></span> <span class='ocrx_word' id='word_1_168' title='bbox 759 2800 876 2865; x_wconf 83' lang='lat' dir='ltr'><strong>hortari</strong></span> <span class='ocrx_word' id='word_1_169' title='bbox 898 2803 929 2866; x_wconf 90' lang='lat' dir='ltr'><strong>et</strong></span> <span class='ocrx_word' id='word_1_170' title='bbox 952 2820 1066 2884; x_wconf 84' lang='lat' dir='ltr'><strong>rogare,</strong></span> <span class='ocrx_word' id='word_1_171' title='bbox 1089 2802 1124 2866; x_wconf 90' lang='lat' dir='ltr'><strong>ut</strong></span> <span class='ocrx_word' id='word_1_172' title='bbox 1146 2803 1260 2884; x_wconf 86' lang='lat' dir='ltr'><strong>quanto</strong></span> <span class='ocrx_word' id='word_1_173' title='bbox 1282 2801 1322 2867; x_wconf 89' lang='lat' dir='ltr'><strong>ab</strong></span> <span class='ocrx_word' id='word_1_174' title='bbox 1346 2803 1459 2868; x_wconf 80' lang='lat' dir='ltr'><strong>eodem</strong></span> 
     </span>
     <span class='ocr_line' id='line_1_21' title="bbox 197 2915 1458 3003; baseline -0.001 -18"><span class='ocrx_word' id='word_1_175' title='bbox 197 2920 261 2986; x_wconf 91' lang='lat' dir='ltr'><strong>Deo</strong></span> <span class='ocrx_word' id='word_1_176' title='bbox 284 2918 489 3003; x_wconf 82' lang='lat' dir='ltr'><strong>omnipotente</strong></span> <span class='ocrx_word' id='word_1_177' title='bbox 512 2916 629 2982; x_wconf 79' lang='lat' dir='ltr'><strong>faoiuor</strong></span> <span class='ocrx_word' id='word_1_178' title='bbox 651 2915 793 2982; x_wconf 90' lang='lat' dir='ltr'><strong>omnibus</strong></span> <span class='ocrx_word' id='word_1_179' title='bbox 816 2915 865 2980; x_wconf 87' lang='lat' dir='ltr'><strong>via</strong></span> <span class='ocrx_word' id='word_1_180' title='bbox 888 2915 927 2980; x_wconf 88' lang='lat' dir='ltr'><strong>ad</strong></span> <span class='ocrx_word' id='word_1_181' title='bbox 943 2915 1181 3000; x_wconf 82' lang='lat' dir='ltr'><strong>componendam</strong></span> <span class='ocrx_word' id='word_1_182' title='bbox 1202 2917 1283 2983; x_wconf 91' lang='lat' dir='ltr'><strong>inter</strong></span> <span class='ocrx_word' id='word_1_183' title='bbox 1305 2917 1458 2984; x_wconf 86' lang='lat' dir='ltr'><strong>christia·</strong></span> 
     </span>
     <span class='ocr_line' id='line_1_22' title="bbox 198 3031 1459 3118; baseline -0.002 -17"><span class='ocrx_word' id='word_1_184' title='bbox 198 3054 253 3102; x_wconf 88' lang='lat' dir='ltr'><strong>uos</strong></span> <span class='ocrx_word' id='word_1_185' title='bbox 276 3053 382 3118; x_wconf 88' lang='lat' dir='ltr'><strong>pacem</strong></span> <span class='ocrx_word' id='word_1_186' title='bbox 411 3033 469 3098; x_wconf 85' lang='lat' dir='ltr'><strong>hac</strong></span> <span class='ocrx_word' id='word_1_187' title='bbox 491 3031 608 3117; x_wconf 84' lang='lat' dir='ltr'><strong>insigni</strong></span> <span class='ocrx_word' id='word_1_188' title='bbox 636 3031 764 3097; x_wconf 84' lang='lat' dir='ltr'><strong>victoria</strong></span> <span class='ocrx_word' id='word_1_189' title='bbox 793 3031 914 3097; x_wconf 79' lang='lat' dir='ltr'><strong>videon</strong></span> <span class='ocrx_word' id='word_1_190' title='bbox 942 3032 1094 3115; x_wconf 82' lang='lat' dir='ltr'><strong>patefacta</strong></span> <span class='ocrx_word' id='word_1_191' title='bbox 1116 3051 1192 3110; x_wconf 88' lang='lat' dir='ltr'><strong>esse,</strong></span> <span class='ocrx_word' id='word_1_192' title='bbox 1222 3034 1308 3098; x_wconf 84' lang='lat' dir='ltr'><strong>tanto</strong></span> <span class='ocrx_word' id='word_1_193' title='bbox 1331 3033 1361 3098; x_wconf 91' lang='lat' dir='ltr'><strong>is</strong></span> <span class='ocrx_word' id='word_1_194' title='bbox 1386 3053 1459 3098; x_wconf 86' lang='lat' dir='ltr'><strong>eam</strong></span> 
     </span>
     <span class='ocr_line' id='line_1_23' title="bbox 198 3147 1458 3232; baseline -0.002 -15"><span class='ocrx_word' id='word_1_195' title='bbox 198 3150 312 3217; x_wconf 86' lang='lat' dir='ltr'><strong>maiore</strong></span> <span class='ocrx_word' id='word_1_196' title='bbox 335 3149 435 3215; x_wconf 83' lang='lat' dir='ltr'><strong>studio</strong></span> <span class='ocrx_word' id='word_1_197' title='bbox 459 3167 494 3212; x_wconf 91' lang='lat' dir='ltr'><strong>ao</strong></span> <span class='ocrx_word' id='word_1_198' title='bbox 516 3148 631 3214; x_wconf 87' lang='lat' dir='ltr'><strong>fervore</strong></span> <span class='ocrx_word' id='word_1_199' title='bbox 647 3147 730 3213; x_wconf 92' lang='lat' dir='ltr'><strong>omui</strong></span> <span class='ocrx_word' id='word_1_200' title='bbox 754 3166 809 3212; x_wconf 89' lang='lat' dir='ltr'><strong>sua</strong></span> <span class='ocrx_word' id='word_1_201' title='bbox 831 3147 1010 3214; x_wconf 85' lang='lat' dir='ltr'><strong>auctoritate</strong></span> <span class='ocrx_word' id='word_1_202' title='bbox 1033 3150 1065 3213; x_wconf 89' lang='lat' dir='ltr'><strong>et</strong></span> <span class='ocrx_word' id='word_1_203' title='bbox 1085 3147 1248 3230; x_wconf 82' lang='lat' dir='ltr'><strong>pmdentia</strong></span> <span class='ocrx_word' id='word_1_204' title='bbox 1270 3147 1352 3232; x_wconf 87' lang='lat' dir='ltr'><strong>apud</strong></span> <span class='ocrx_word' id='word_1_205' title='bbox 1376 3147 1458 3215; x_wconf 85' lang='lat' dir='ltr'><strong>Cae·</strong></span> 
     </span>
     <span class='ocr_line' id='line_1_24' title="bbox 199 3260 1458 3350; baseline -0.002 -18"><span class='ocrx_word' id='word_1_206' title='bbox 199 3266 423 3350; x_wconf 69' lang='lat' dir='ltr'><strong>semipsum,</strong></span> <span class='ocrx_word' id='word_1_207' title='bbox 447 3265 537 3348; x_wconf 88' lang='lat' dir='ltr'><strong>atque</strong></span> <span class='ocrx_word' id='word_1_208' title='bbox 553 3282 594 3341; x_wconf 80' lang='lat' dir='ltr'><strong>se,</strong></span> <span class='ocrx_word' id='word_1_209' title='bbox 616 3262 795 3348; x_wconf 88' lang='lat' dir='ltr'><strong>persuadere</strong></span> <span class='ocrx_word' id='word_1_210' title='bbox 810 3263 885 3329; x_wconf 82' lang='lat' dir='ltr'><strong>uelit</strong></span> <span class='ocrx_word' id='word_1_211' title='bbox 907 3265 938 3329; x_wconf 90' lang='lat' dir='ltr'><strong>et</strong></span> <span class='ocrx_word' id='word_1_212' title='bbox 951 3283 1119 3348; x_wconf 88' lang='lat' dir='ltr'><strong>procurare.</strong></span> <span class='ocrx_word' id='word_1_213' title='bbox 1157 3260 1243 3344; x_wconf 83' lang='lat' dir='ltr'><strong>Quou</strong></span> <span class='ocrx_word' id='word_1_214' title='bbox 1259 3263 1348 3329; x_wconf 89' lang='lat' dir='ltr'><strong>nobis</strong></span> <span class='ocrx_word' id='word_1_215' title='bbox 1364 3283 1458 3330; x_wconf 89' lang='lat' dir='ltr'><strong>sum-</strong></span> 
     </span>
     <span class='ocr_line' id='line_1_25' title="bbox 198 3378 1253 3467; baseline -0.005 -18"><span class='ocrx_word' id='word_1_216' title='bbox 198 3401 319 3466; x_wconf 88' lang='lat' dir='ltr'><strong>mopere</strong></span> <span class='ocrx_word' id='word_1_217' title='bbox 341 3381 464 3467; x_wconf 83' lang='lat' dir='ltr'><strong>gratum</strong></span> <span class='ocrx_word' id='word_1_218' title='bbox 487 3378 579 3445; x_wconf 82' lang='lat' dir='ltr'><strong>faciet</strong></span> <span class='ocrx_word' id='word_1_219' title='bbox 600 3379 653 3444; x_wconf 90' lang='lat' dir='ltr'><strong>tua</strong></span> <span class='ocrx_word' id='word_1_220' title='bbox 677 3379 832 3445; x_wconf 84' lang='lat' dir='ltr'><strong>serenitas.</strong></span> <span class='ocrx_word' id='word_1_221' title='bbox 877 3379 994 3444; x_wconf 91' lang='lat' dir='ltr'><strong>Datum</strong></span> <span class='ocrx_word' id='word_1_222' title='bbox 1016 3380 1072 3445; x_wconf 90' lang='lat' dir='ltr'><strong>etc.</strong></span> <span class='ocrx_word' id='word_1_223' title='bbox 1094 3379 1130 3444; x_wconf 87' lang='lat' dir='ltr'><strong>ut</strong></span> <span class='ocrx_word' id='word_1_224' title='bbox 1153 3397 1253 3462; x_wconf 87' lang='lat' dir='ltr'><strong>supra.</strong></span> 
     </span>
     <span class='ocr_line' id='line_1_26' title="bbox 766 3492 889 3580; baseline 0.008 -21"><span class='ocrx_word' id='word_1_225' title='bbox 766 3492 889 3580; x_wconf 80' lang='lat' dir='ltr'><strong>(Foris).</strong></span> 
     </span>
     <span class='ocr_line' id='line_1_27' title="bbox 523 3607 1125 3678; baseline -0.007 0"><span class='ocrx_word' id='word_1_226' title='bbox 523 3610 612 3678; x_wconf 83' lang='lat' dir='ltr'><strong>Anno</strong></span> <span class='ocrx_word' id='word_1_227' title='bbox 637 3608 766 3676; x_wconf 87' lang='lat' dir='ltr'><strong>secundo</strong></span> <span class='ocrx_word' id='word_1_228' title='bbox 789 3607 907 3675; x_wconf 86' lang='lat' dir='ltr'><strong>mdxxv.</strong></span> <span class='ocrx_word' id='word_1_229' title='bbox 954 3607 1060 3674; x_wconf 83' lang='lat' dir='ltr'><strong>Martii</strong></span> <span class='ocrx_word' id='word_1_230' title='bbox 1081 3608 1125 3675; x_wconf 86' lang='lat' dir='ltr'><strong>iii</strong></span> 
     </span>
    </p>

    <p class='ocr_par' dir='ltr' id='par_1_4' title="bbox 571 3725 714 3810">
     <span class='ocr_line' id='line_1_28' title="bbox 571 3725 714 3810; baseline -0.007 -17"><span class='ocrx_word' id='word_1_231' title='bbox 571 3725 714 3810; x_wconf 81' lang='lat' dir='ltr'><strong>Vicercgi</strong></span> 
     </span>
    </p>

    <p class='ocr_par' dir='ltr' id='par_1_5' title="bbox 571 3839 736 3908">
     <span class='ocr_line' id='line_1_29' title="bbox 571 3839 736 3908; baseline -0.018 1"><span class='ocrx_word' id='word_1_232' title='bbox 571 3839 736 3908; x_wconf 83' lang='lat' dir='ltr'><strong>Archiduci</strong></span> 
     </span>
    </p>

    <p class='ocr_par' dir='ltr' id='par_1_6' title="bbox 571 3954 917 4040">
     <span class='ocr_line' id='line_1_30' title="bbox 571 3954 917 4040; baseline -0.012 -15"><span class='ocrx_word' id='word_1_233' title='bbox 571 3955 742 4040; x_wconf 85' lang='lat' dir='ltr'><strong>Marchicui</strong></span> <span class='ocrx_word' id='word_1_234' title='bbox 763 3954 917 4022; x_wconf 84' lang='lat' dir='ltr'><strong>Piscariae</strong></span> 
     </span>
    </p>

    <p class='ocr_par' dir='ltr' id='par_1_7' title="bbox 573 4071 840 4140">
     <span class='ocr_line' id='line_1_31' title="bbox 573 4071 840 4140; baseline -0.004 0"><span class='ocrx_word' id='word_1_235' title='bbox 573 4071 653 4140; x_wconf 91' lang='lat' dir='ltr'><strong>Duoi</strong></span> <span class='ocrx_word' id='word_1_236' title='bbox 673 4071 840 4140; x_wconf 85' lang='lat' dir='ltr'><strong>Mediolani</strong></span> 
     </span>
    </p>

    <p class='ocr_par' dir='ltr' id='par_1_8' title="bbox 572 4188 825 4258">
     <span class='ocr_line' id='line_1_32' title="bbox 572 4188 825 4258; baseline -0.012 0"><span class='ocrx_word' id='word_1_237' title='bbox 572 4189 651 4258; x_wconf 88' lang='lat' dir='ltr'><strong>Duci</strong></span> <span class='ocrx_word' id='word_1_238' title='bbox 672 4188 825 4256; x_wconf 85' lang='lat' dir='ltr'><strong>Borbooio</strong></span> 
     </span>
    </p>

    <p class='ocr_par' dir='ltr' id='par_1_9' title="bbox 572 4303 861 4393">
     <span class='ocr_line' id='line_1_33' title="bbox 572 4303 861 4393; baseline -0.007 0"><span class='ocrx_word' id='word_1_239' title='bbox 572 4306 708 4393; x_wconf 67' lang='lat' dir='ltr'><strong>mgna</strong></span> <span class='ocrx_word' id='word_1_240' title='bbox 729 4303 861 4391; x_wconf 71' lang='lat' dir='ltr'><strong>ungue</strong></span> 
     </span>
    </p>

    <p class='ocr_par' dir='ltr' id='par_1_10' title="bbox 572 4419 1069 4509">
     <span class='ocr_line' id='line_1_34' title="bbox 572 4419 1069 4509; baseline -0.008 -19"><span class='ocrx_word' id='word_1_241' title='bbox 572 4420 632 4490; x_wconf 89' lang='lat' dir='ltr'><strong>Pro</strong></span> <span class='ocrx_word' id='word_1_242' title='bbox 655 4419 801 4509; x_wconf 81' lang='lat' dir='ltr'><strong>Gregorio</strong></span> <span class='ocrx_word' id='word_1_243' title='bbox 822 4419 919 4507; x_wconf 85' lang='lat' dir='ltr'><strong>equiti</strong></span> <span class='ocrx_word' id='word_1_244' title='bbox 941 4419 1069 4487; x_wconf 81' lang='lat' dir='ltr'><strong>Casalio.</strong></span> 
     </span>
    </p>
   </div>
   <div class='ocr_carea' id='block_1_4' title="bbox 0 0 1587 4902">
    <p class='ocr_par' dir='ltr' id='par_1_11' title="bbox 0 0 1587 4902">
     <span class='ocr_line' id='line_1_35' title="bbox 0 0 1587 4902; baseline 0 0"><span class='ocrx_word' id='word_1_245' title='bbox 0 0 1587 4902; x_wconf 95' lang='lat' dir='ltr'><strong> </strong></span> 
     </span>
    </p>
   </div>
  </div>
 </body>
</html>
