3152 4902
771 331 995 399 ..94-

260 527 421 611 quisquam
443 529 497 591 aut
525 527 558 590 in
580 545 709 610 corpore,
739 529 793 592 aut
814 527 848 593 in
870 528 967 606 bonis,
997 530 1049 593 aut
1072 529 1105 594 in
1128 529 1201 608 vita,
1230 533 1284 596 aut
1306 551 1396 617 pravo
1417 552 1490 598 sensu

261 662 333 726 erga
355 643 455 708 Deum
477 643 601 726 eiusque
624 642 763 707 sanctam
791 642 884 708 fidem
905 643 1026 722 reditur,
1056 645 1130 728 quin
1152 647 1200 710 tot
1222 665 1278 711 nos
1301 647 1334 713 in
1357 647 1450 712 animo
1468 651 1491 711 et
1569 724 1570 727 Ἴ

259 757 291 822 iu
314 758 401 824 corde
424 757 608 836 vulneribus,
630 759 704 842 quot
725 758 779 824 ille
801 759 940 842 quisquis
962 762 1018 838 est
1040 759 1242 826 incommodis
1265 765 1297 828 et
1318 751 1494 828 detrimentis

259 873 443 950 afficiamur;
467 874 655 958 suscepimus
670 873 753 940 eninr
776 873 870 939 simul
892 894 962 940 cum
977 874 1089 941 bonore
1104 875 1258 959 pontheis
1273 878 1365 962 atque
1379 878 1494 962 perure
1569 848 1574 861 Ι

258 989 396 1055 animum
418 991 450 1056 et
470 1009 604 1056 amorem
620 1008 693 1074 erga
714 1007 819 1056 omnes
834 987 957 1055 Christo
979 990 1095 1056 dicatos
1110 992 1215 1075 patris.
1262 990 1362 1072 Quare
1376 995 1408 1059 in
1422 995 1495 1059 tanta
1570 1036 1574 1047 ·

258 1125 330 1171 crus
352 1107 383 1170 et
406 1105 609 1172 sollicitudine
623 1107 725 1171 nostru
750 1107 820 1171 tuae
844 1106 931 1170 nobis
953 1105 1075 1171 litterae
1090 1107 1237 1191 tanquam
1260 1109 1390 1175 eoeleste
1410 1109 1494 1194 quod·

258 1221 330 1287 dam
353 1221 498 1287 solatium
520 1221 608 1288 nobis
623 1221 807 1298 attulemnt3
829 1222 1044 1306 gratissimum
1058 1223 1142 1289 enim
1165 1223 1253 1290 nobis
1275 1227 1306 1290 et
1321 1225 1493 1292 iuormdissi·

259 1356 345 1403 mum
368 1337 427 1402 fuit
449 1336 561 1403 habere
583 1337 699 1402 socium
721 1337 819 1404 nostri
840 1337 955 1404 laboris
978 1339 1010 1404 et
1032 1339 1182 1424 collegam
1205 1339 1340 1424 optimae
1362 1341 1395 1409 in
1409 1343 1496 1407 Deum

257 1455 289 1520 et
311 1452 563 1538 religiosissimae
584 1453 698 1518 mentis
728 1439 822 1519 talem
844 1455 876 1519 et
898 1455 964 1519 tam
986 1455 1156 1538 preclarum
1178 1455 1357 1541 principem,
1387 1459 1494 1543 qualem

256 1571 288 1636 te
309 1589 365 1636 nos
380 1571 470 1634 antea
484 1588 664 1634 noveramus
687 1571 717 1635 et
732 1590 813 1635 nunc
834 1569 967 1635 maximo
981 1574 1174 1655 perspectum
1188 1572 1221 1636 et
1235 1573 1394 1656 cognitum
1412 1573 1493 1638 habe·

257 1706 335 1752 mus.
359 1682 445 1766 Quod
461 1683 566 1750 foedus
581 1684 747 1750 clarissimi
761 1685 897 1750 muneris
912 1687 943 1751 et
966 1685 1179 1753 sanctissimae
1197 1687 1353 1754 societatis
1368 1688 1493 1755 uolumus

256 1803 337 1868 inter
358 1821 413 1868 nos
429 1802 608 1885 perpetuum
630 1819 705 1866 esse.
751 1799 892 1885 Namque
906 1802 942 1866 tu
963 1817 1015 1867 eas
1038 1801 1144 1868 laudes
1166 1803 1200 1869 in
1214 1822 1271 1871 nos
1285 1805 1412 1884 confers,
1429 1821 1493 1887 quas

256 1939 316 1986 non
339 1920 405 1983 tem
427 1936 475 1983 res
497 1917 566 2000 ipsa
588 1934 681 2000 quam
703 1933 788 1982 amor
810 1916 882 1981 turus
904 1935 977 2001 erge
1000 1936 1055 1982 nos
1077 1917 1137 1985 tibi
1151 1919 1288 2000 dictavit,
1312 1919 1493 2005 agnoscimus

255 2037 406 2120 opthuum
436 2033 574 2099 animum
603 2032 691 2097 tuum
721 2032 753 2097 et
779 2032 1006 2099 benevolentiae
1042 2052 1115 2119 erga
1143 2053 1199 2101 nos
1228 2037 1347 2120 gratias
1376 2035 1492 2120 agimus.

256 2154 370 2220 Vemm
400 2151 508 2216 dilecte
538 2149 584 2213 lili
612 2147 691 2214 nihil
720 2150 859 2213 nostrum
881 2151 929 2214 est
958 2150 1113 2234 proprium
1138 2150 1190 2216 scd
1219 2153 1323 2217 omnia
1345 2171 1363 2217 a
1387 2167 1493 2216 summo

255 2269 319 2334 Deo
348 2267 495 2330 habemus
518 2283 574 2330 nos
603 2263 719 2347 aliquid
741 2265 837 2331 bonae
865 2265 1040 2344 voluntatis,
1063 2264 1153 2350 idque
1176 2268 1214 2331 ab
1237 2267 1343 2333 eodem
1367 2269 1443 2339 Dcor
1464 2269 1491 2328 ut

255 2402 324 2449 vero
346 2381 530 2447 christianae
545 2379 727 2464 reipublicae
748 2398 786 2444 ea
798 2381 952 2464 praestare
973 2380 1128 2464 possimus
1150 2400 1228 2465 quae
1243 2385 1277 2447 tu
1292 2381 1492 2448 amantissimo

255 2502 285 2565 et
307 2497 446 2583 piissime
475 2495 633 2581 auguraris
664 2496 839 2560 nostrarum
868 2513 929 2560 non
958 2496 1154 2576 cattinum,
1185 2496 1238 2563 sed
1260 2517 1373 2564 mimus
1402 2496 1491 2564 omni·

254 2615 388 2700 potentis
410 2613 476 2679 Dei.
522 2610 582 2692 Qui
603 2613 639 2676 ut
654 2609 741 2676 nobis
764 2608 816 2676 det
838 2610 1015 2676 facultatem
1030 2610 1164 2696 preclare
1185 2613 1331 2696 operandi
1354 2613 1433 2680 idem
1446 2611 1492 2695 qui

254 2731 338 2798 dedit
355 2731 541 2796 voluntatem
565 2726 698 2791 humiles
720 2725 809 2790 illum
825 2728 856 2790 et
878 2726 1029 2809 supplices
1052 2724 1256 2811 deprecamur.
1302 2726 1364 2810 Qui
1377 2732 1408 2795 te
1424 2747 1490 2812 quo·

254 2865 312 2932 que
333 2845 368 2910 in
390 2863 514 2911 suorum
536 2843 723 2908 athletamm
745 2860 870 2907 numam
893 2860 959 2906 esse
981 2843 1078 2907 voluit
1100 2844 1136 2908 ut
1158 2843 1276 2910 subires
1299 2847 1418 2928 partem
1434 2863 1491 2909 cer·

253 2961 380 3027 taminia
402 2960 546 3026 adversus
568 2957 679 3041 impios
701 2956 857 3036 hereticos,
880 2957 995 3041 filiique
1019 2957 1067 3022 sui
1089 2958 1117 3024 d
1140 2979 1169 3024 n
1192 2959 1267 3027 Jesu
1293 2959 1409 3026 Christi
1430 2957 1492 3024 fidei

254 3079 286 3143 et
307 3076 464 3161 religionis
486 3074 632 3140 vexillum
661 3072 780 3138 fortiter
808 3072 991 3138 defenderes.
1036 3073 1084 3139 hu
1106 3073 1188 3158 quod
1209 3092 1285 3160 opus
1309 3077 1447 3141 sanctum
1467 3075 1493 3138 et

254 3194 421 3279 gloriosum
443 3193 531 3256 tuam
552 3189 746 3256 nobilitatem
768 3188 958 3254 hortaremur
987 3189 1252 3275 animaremusque
1273 3189 1336 3256 nisi
1358 3209 1426 3256 eam
1447 3205 1494 3254 sua

255 3310 362 3394 sponte
384 3307 461 3373 satis
483 3306 644 3372 incitatam
666 3324 701 3370 er
725 3303 857 3388 Spiritus
880 3301 986 3370 Sancti
1012 3304 1085 3389 igne
1107 3305 1268 3370 chantatis
1294 3324 1362 3372 esse
1384 3305 1492 3372 uidero·

254 3443 332 3490 mus.
377 3423 598 3489 Verumtamen
619 3439 658 3485 ne
680 3420 778 3486 nostri
807 3418 900 3486 officii
921 3419 1011 3485 obliti
1032 3418 1197 3500 videamur,
1220 3423 1291 3488 tuae
1313 3423 1404 3489 nobs
1429 3437 1494 3506 pro·

254 3539 409 3606 mittimus
431 3538 511 3604 banc
533 3537 721 3622 singularem
743 3536 830 3601 tuam
852 3535 999 3620 pietatem
1021 3538 1111 3619 atque
1133 3535 1167 3602 in
1188 3555 1225 3602 ea
1246 3555 1323 3622 quae
1345 3557 1365 3604 a
1386 3537 1448 3603 Deo
1468 3535 1496 3599 et

255 3655 420 3722 maioribus
442 3653 557 3720 nostris
572 3651 686 3718 tradita
700 3651 788 3717 nobis
804 3653 852 3716 est
874 3651 1023 3717 catholice
1036 3651 1294 3736 immaculataque
1316 3652 1377 3720 fide
1390 3649 1497 3718 menta

253 3771 458 3838 constantiam
479 3769 538 3834 tibi
559 3767 592 3834 in
614 3767 696 3834 coelo
718 3769 749 3833 ct
771 3767 804 3833 in
826 3769 907 3832 terra
928 3767 1063 3832 maxima
1084 3769 1116 3833 et
1138 3769 1259 3832 aetema
1274 3768 1410 3851 praemia
1430 3765 1497 3832 leli-

254 3887 358 3953 oitatis
387 3884 559 3970 gloriaeque
589 3885 768 3959 allaturam3
797 3883 911 3967 inquo
940 3883 1094 3967 proposito
1116 3884 1151 3947 ut
1180 3903 1352 3966 perseveres
1379 3885 1410 3950 et
1429 3900 1496 3966 per-

253 4021 386 4081 maneas,
408 4000 468 4068 etsi
481 4020 543 4066 non
557 4001 605 4064 est
622 3999 793 4064 hortatione
807 4017 891 4082 opus,
906 3999 992 4063 tuam
1007 4001 1111 4063 tamen
1125 3998 1318 4064 nobilitatem
1333 3999 1497 4082 plurimum

252 4121 287 4185 in
300 4119 432 4184 Domino
453 4117 625 4190 hortamur;
647 4115 735 4180 iham
751 4133 867 4198 quoque
882 4113 1119 4180 moderationem
1142 4113 1239 4179 animi
1261 4114 1308 4179 tui
1322 4129 1501 4198 magnopere

253 4235 500 4301 commendantes
523 4251 583 4317 qua
610 4250 680 4297 eum
703 4231 802 4296 multa
824 4231 860 4296 ut
889 4229 997 4296 scribis
1020 4230 1058 4296 ab
1081 4230 1257 4296 hominibus
1289 4227 1501 4297 ecclesiasticis

255 4351 288 4417 in
309 4350 370 4416 ista
394 4349 493 4433 petria
521 4348 685 4413 noscentur
707 4345 907 4424 incommoda,
930 4345 1056 4412 noluisti
1085 4347 1190 4413 tamen
1212 4345 1300 4412 nobis
1323 4344 1504 4412 inconsultis

254 4466 370 4551 aliquid
393 4465 497 4530 contre
519 4481 570 4528 eos
600 4463 705 4527 durius
728 4481 832 4545 agere;
863 4461 916 4526 sed
938 4463 1076 4526 nostram
1105 4460 1253 4545 quaesisti
1282 4463 1503 4527 auctoritatem
