3128 4908
551 308 793 376 ..203-

63 504 168 588 scriptis
189 503 326 582 fecimus,
349 505 438 588 capto
459 503 595 588 tempore
617 500 746 569 duorum
775 501 937 580 mansium,
965 499 1048 566 intra
1070 497 1150 585 quod
1172 499 1292 583 ternpus

63 637 222 703 responsum
243 620 282 685 ab
306 638 341 686 eo
357 620 388 685 et
403 618 652 686 deliberationem
675 617 723 683 sui
737 616 858 684 consilii
879 615 1095 700 reciperemus;
1118 633 1188 680 cum
1210 613 1293 680 euim

62 735 254 820 intelligamus
277 735 305 802 si
320 753 353 801 so
367 734 544 820 meamet
565 733 755 810 clementem,
779 733 857 798 sicut
876 731 976 817 magis
999 729 1160 810 oredimus,
1183 727 1293 796 Caesar

61 851 225 934 praebuerit,
253 850 396 918 maximis
418 849 511 916 malie
539 848 669 917 liberam
698 851 729 916 ot
750 850 851 915 tutam
880 847 1137 914 christianitatem
1165 844 1238 923 iore,
1268 843 1295 908 si

63 985 120 1033 rero
146 957 310 1052 occupandi
331 986 380 1034 ras
409 966 526 1033 alienas
547 965 747 1050 cupiditatem
776 963 951 1042 ostenderit,
980 961 1068 1030 nobis
1092 979 1209 1046 quoque
1231 958 1294 1026 fora

63 1083 268 1162 nomadum,
300 1101 474 1168 quanquam
502 1081 717 1160 invitissimis,
745 1079 784 1146 ad
815 1099 901 1150 arma
930 1073 1067 1155 tendere;
1089 1077 1218 1164 gratius
1232 1078 1296 1144 Deo

60 1199 179 1266 nultum
192 1217 261 1265 ease
283 1201 314 1264 et
328 1200 407 1266 bono
421 1197 558 1282 pontifici
580 1197 808 1264 convenientius
823 1195 1025 1262 iudicavimus
1047 1195 1125 1262 ulios
1140 1193 1294 1260 retrahere

60 1332 76 1378 a
94 1315 218 1382 tumultu
234 1315 395 1393 bellorum,
417 1331 512 1399 quam
526 1313 730 1399 nosmetipsos
752 1313 842 1379 bellis
857 1331 938 1379 nuno
960 1311 1128 1388 involvere;
1150 1310 1294 1395 aquibus

60 1431 151 1497 buren
172 1449 231 1497 non
247 1429 470 1496 abstinebimus
493 1428 521 1494 si
542 1447 664 1495 necesse
687 1427 786 1506 fuerit,
809 1430 840 1494 et
864 1428 890 1493 si
913 1427 1032 1494 iustitia
1048 1445 1084 1492 ao
1105 1424 1212 1512 religio
1231 1425 1294 1492 vim

60 1545 192 1612 iniustam
220 1564 313 1631 passa
342 1544 463 1644 fuerint.
510 1541 569 1611 Sed
599 1533 717 1610 avertat
738 1545 795 1610 boo
817 1543 915 1624 Deus,
945 1543 1092 1629 nobisque
1121 1541 1221 1609 axibus
1244 1559 1295 1608 eos

61 1662 188 1743 praebeat
215 1679 292 1746 quos
315 1661 395 1726 certe
423 1660 503 1726 bona
532 1679 619 1728 mens
649 1663 753 1727 nostra
775 1661 807 1726 et
829 1661 970 1726 voluntas
1000 1659 1115 1743 publici
1144 1655 1296 1726 commodi

61 1779 192 1854 meretum
214 1777 249 1842 ut
271 1778 302 1843 et
318 1775 409 1842 Italia
431 1795 487 1842 ana
507 1775 649 1843 libertate
670 1775 752 1842 laeta
767 1776 816 1854 sit,
839 1777 871 1842 et
892 1775 975 1842 filins
997 1777 1077 1854 tuus
1101 1774 1240 1858 idemque
1263 1773 1296 1839 in

61 1890 169 1958 ibriato
189 1895 302 1970 noster,
324 1891 489 1976 pristinam
504 1910 591 1958 suum
621 1891 805 1977 dignitatem
834 1890 1128 1976 amplitudinemque
1150 1889 1295 1958 obtineat.

60 2004 135 2087 Quod
155 2009 244 2093 plane
266 2007 447 2075 confidimus
470 2005 630 2074 Caesarem
651 2026 718 2074 ease
740 2007 901 2086 iacturum,
923 2007 1058 2092 primurn
1080 2005 1160 2091 quod
1174 2005 1295 2072 bonitas

60 2123 149 2204 ipsum
170 2142 225 2190 aua
246 2125 278 2191 et
301 2124 400 2190 cultus
429 2123 575 2202 iustitiae,
597 2122 634 2189 de
649 2142 709 2207 qua
732 2142 850 2208 semper
872 2122 1016 2207 predicat,
1039 2121 1078 2188 ad
1100 2123 1157 2189 hoc
1179 2120 1294 2188 facien-

62 2237 124 2304 dum
151 2259 219 2306 eum
250 2239 436 2317 hortabitur3
467 2239 574 2306 deindo
603 2238 682 2323 quod
712 2239 777 2323 ipse
806 2257 924 2324 quoque
953 2237 1064 2323 quietis
1095 2238 1126 2306 et
1156 2238 1240 2322 pacis
1263 2239 1298 2303 ut

63 2354 167 2420 uidetur
182 2375 290 2421 arnam
313 2358 344 2421 et
365 2356 491 2438 cupidus
514 2357 575 2432 ost;
599 2358 667 2421 tum
682 2357 760 2440 quod
783 2375 838 2420 nos
860 2355 944 2421 omni
969 2354 1069 2420 studio
1092 2357 1123 2421 et
1138 2353 1299 2439 diligentia

63 2470 216 2548 instamus;
232 2473 386 2556 postremo
401 2469 480 2555 quod
495 2470 707 2536 existimamus
722 2471 915 2536 nobilitatem
929 2472 1015 2536 tuam
1031 2472 1063 2536 et
1076 2467 1299 2536 christianissi-

64 2605 136 2654 non
157 2588 257 2654 filiurn
280 2589 420 2653 nostrum
442 2605 513 2670 prae
536 2589 636 2652 vestra
666 2589 826 2653 amborum
849 2587 962 2653 virtute
984 2605 1020 2652 ae
1041 2585 1203 2670 prudentia
1224 2586 1299 2652 baec

64 2703 133 2784 pacis
155 2703 256 2769 studia
278 2704 311 2769 ot
325 2701 453 2770 consilia
475 2721 543 2768 esse
557 2701 723 2770 adiuturos.
768 2703 851 2768 Haeo
866 2721 921 2768 nos
944 2704 1033 2768 nob.tl
1052 2703 1123 2767 tuae
1145 2704 1218 2768 nota
1232 2720 1299 2768 esse

64 2818 199 2884 voluimus
222 2821 258 2884 ut
280 2819 348 2903 ipsa
363 2819 535 2886 nostrorum
551 2819 688 2885 actorum
709 2817 897 2903 intelligeret
919 2818 1068 2884 rationem
1090 2818 1122 2884 et
1136 2817 1298 2903 aliquando

64 2935 209 3001 muniente
232 2936 368 3000 cerneret
396 2952 456 3019 quo
478 2933 576 3001 simus
605 2933 708 3002 animo
731 2953 803 3020 erga
832 2933 1036 3000 universalem
1062 2952 1168 3019 paoem
1191 2936 1222 3000 et
1244 2952 1297 2999 vo-

64 3051 147 3118 strum
168 3071 204 3118 ac
226 3049 314 3136 regni
336 3049 427 3116 istius
450 3049 643 3116 commodum
664 3048 810 3133 praediti;
839 3049 1003 3134 probamus
1025 3051 1109 3117 enim
1131 3048 1298 3135 plurimum

63 3163 130 3232 sian
150 3167 244 3252 pacis,
267 3185 353 3231 arma
375 3183 445 3232 vero
467 3164 506 3231 ad
521 3165 734 3232 necessitatem
757 3168 788 3231 et
810 3163 850 3231 ad
871 3167 1042 3232 extremum
1063 3167 1226 3234 eonsilium
1247 3187 1297 3234 re·

66 3281 197 3349 servanda
226 3281 383 3359 ducimus,
412 3299 541 3365 quorum
568 3280 783 3365 capiendorum
812 3280 933 3347 utinam
948 3282 1048 3348 nulla
1076 3301 1132 3348 uos
1165 3301 1298 3369 unquam

64 3398 155 3479 urgeat
168 3397 345 3465 necessitas.
391 3394 459 3477 Sed,
483 3397 517 3462 ut
538 3395 613 3463 baec
627 3397 678 3463 via
698 3396 783 3482 pacis
797 3397 897 3482 possit
910 3416 977 3464 esse
995 3397 1169 3482 expeditior,
1191 3397 1297 3465 horta·

63 3527 119 3577 nur
138 3531 192 3581 nus
215 3512 340 3598 quidem
362 3512 475 3597 quanto
497 3531 660 3597 possumus
682 3511 779 3579 animi
802 3513 902 3580 studio
924 3514 1041 3581 nob.tem
1064 3514 1150 3580 tuam
1173 3515 1209 3580 ut
1229 3513 1298 3599 ipsa

65 3645 164 3713 quopm
186 3628 276 3696 nobis
291 3628 403 3694 arurilio
425 3645 501 3708 esso,
524 3630 556 3694 et
571 3628 715 3713 spiritum
730 3629 810 3694 huuc
832 3629 892 3694 Dei
913 3647 1019 3713 pacem
1042 3629 1221 3715 inspirantis
1244 3650 1297 3697 er-

64 3739 148 3824 tipero
168 3745 222 3811 illo
246 3763 300 3810 suo
315 3743 464 3811 catholico
485 3746 605 3829 pectore
619 3744 747 3830 largiter
761 3743 843 3811 velit
876 3741 932 3810 Oui
946 3744 1069 3830 quidem
1084 3745 1149 3812 Deo
1171 3746 1298 3813 tetiam

65 3856 155 3924 ecles
176 3861 223 3926 tot
243 3859 407 3927 vastitates
429 3861 549 3926 tantam
578 3859 739 3927 christiani
769 3859 928 3945 sauguinis
957 3859 1134 3928 effusionem
1164 3862 1298 3946 graviter

66 3967 239 4056 displicuisse
261 3975 331 4061 quie
353 3977 402 4042 est
423 3974 477 4060 qui
491 3974 633 4042 dubitet?
663 3974 751 4057 Quod
773 3975 801 4041 si
815 3974 973 4060 quippiam
995 3975 1089 4042 fuerit
1102 3976 1182 4060 quod
1196 3977 1297 4062 magis

66 4087 271 4168 particulariter
293 4110 312 4156 a
333 4090 423 4158 nobis
445 4091 571 4157 bactari
593 4089 627 4156 in
649 4089 842 4158 commodum
865 4092 897 4158 et
918 4091 1088 4158 utilitatem
1109 4091 1176 4158 uati
1197 4091 1245 4158 tui
1267 4094 1298 4158 et

66 4218 152 4270 rorum
173 4207 342 4272 vesbmum
365 4205 423 4272 tibi
450 4207 652 4291 opportunum
677 4207 777 4274 usum
806 4206 906 4286 fuerit,
935 4207 989 4274 ubi
1011 4206 1161 4273 admoniti
1183 4207 1296 4273 erimus

66 4318 244 4401 aequabimur
267 4321 404 4387 studium
426 4323 515 4388 tuum
541 4324 646 4389 nostra
668 4321 829 4408 diligentia
851 4341 886 4388 ao
908 4321 1128 4400 benivolentia3
1151 4322 1295 4407 quicum

66 4427 256 4520 desapientiu
278 4438 333 4504 tua
353 4437 522 4524 plurimum
545 4437 733 4518 confidimus,
763 4455 824 4503 non
846 4437 1031 4508 arbitramur
1060 4455 1128 4506 eam
1156 4437 1296 4525 pluribus
