3192 4930
792 273 1014 343 ...18-

276 473 307 540 et
328 459 538 540 christianitas
562 471 703 538 universa
726 471 985 556 capitalissimum
1008 473 1128 538 bostem
1147 471 1248 551 habet
1271 468 1415 537 adversus
1436 484 1511 556 quen

274 610 328 674 pro
351 590 506 656 communi
527 591 632 654 nostra
654 589 789 653 utilitate
818 589 907 654 ambo
931 588 1043 653 armati
1072 589 1162 672 atque
1192 587 1322 653 animati
1344 605 1410 652 esse
1431 587 1512 651 debe·

276 726 360 770 mus:
406 706 451 771 Ao
473 705 561 770 nobis
586 703 710 787 quidem
736 706 767 768 et
789 703 894 787 generi
916 703 1082 768 christiano
1112 723 1173 769 non
1195 702 1335 768 deessent
1357 703 1436 768 vires
1454 701 1513 766 au-

275 841 402 905 musque
423 821 514 885 illurn
537 820 658 885 hostem
673 819 855 896 debellandi,
878 819 943 884 nisi
960 821 1023 884 Deo
1047 820 1253 902 omnipotente
1267 837 1324 884 nos
1346 837 1400 902 pro
1414 817 1514 883 nostis

275 936 406 1019 peccatis
436 935 618 1019 flagellante,
650 935 714 999 iam
742 935 856 999 multos
892 953 987 1000 annos
1011 935 1101 999 belbe
1131 935 1162 999 et
1184 934 1343 1000 discordiis
1372 933 1515 1000 intestinis

273 1052 490 1127 laboraremus,
520 1069 595 1135 quas
626 1049 792 1114 discordias
817 1050 845 1114 si
869 1049 934 1115 Deo
962 1050 1125 1116 adiuvante
1152 1051 1189 1116 ut
1218 1069 1375 1134 speramus
1404 1065 1514 1132 compo-

275 1167 433 1244 suerimus,
463 1167 493 1230 et
521 1165 587 1248 ipse
616 1165 731 1229 Turdus
760 1165 898 1231 nostram
929 1166 1075 1231 virtutem
1106 1185 1176 1230 oum
1200 1165 1381 1232 detrimento
1413 1183 1471 1245 suo,
1491 1165 1516 1228 ot

274 1284 309 1347 tu
338 1284 474 1346 nostram
506 1279 776 1366 benevolentiam)
808 1299 878 1345 cum
899 1281 953 1344 tua
982 1280 1119 1346 utilitate
1142 1281 1255 1364 poteris
1285 1281 1427 1364 experiri:
1457 1297 1515 1363 spe-

275 1415 379 1462 ramus
414 1396 496 1461 enim
526 1397 557 1460 te
586 1395 625 1461 ad
655 1395 857 1460 stabilitatem
886 1395 974 1480 regni
1010 1396 1057 1460 tui
1093 1396 1209 1461 viribus
1246 1398 1420 1462 nostrorum
1448 1393 1517 1478 apud

275 1531 349 1597 quos
380 1511 425 1576 vis
456 1512 609 1594 virtusque
638 1511 748 1576 bellica
777 1527 898 1576 summa
929 1512 985 1589 est,
1015 1531 1157 1576 usmum:
1189 1531 1244 1578 nos
1274 1531 1343 1577 vero
1373 1511 1414 1576 ad
1442 1529 1516 1576 com·

275 1625 486 1712 moditatem2)
518 1626 754 1691 christianorum
791 1627 896 1691 sancta
932 1625 988 1690 illa
1016 1626 1083 1691 loca
1114 1626 1305 1692 Hierusalem
1334 1626 1518 1693 visitantium

274 1743 361 1807 tuam
397 1742 615 1808 liberalitatem
646 1744 677 1808 et
708 1741 938 1807 humanitatem
969 1743 1151 1825 experturos.
1224 1742 1281 1808 llis
1318 1742 1461 1808 omnibus
1489 1739 1520 1804 de

275 1858 384 1936 causis,
414 1859 445 1924 et
467 1858 501 1921 ut
523 1857 661 1922 animum
691 1857 832 1921 nostmm
858 1876 931 1940 erge
953 1859 984 1921 te
1007 1875 1042 1921 ac
1065 1856 1249 1922 desiderium
1278 1857 1358 1943 quod
1380 1857 1520 1922 habemus

275 1975 374 2039 omnis
403 1973 560 2038 felicitatis
590 1973 673 2036 tuae.
697 1972 807 2038 melius
836 1973 1037 2056 perspiceres,
1069 1972 1218 2057 elegimus
1251 1971 1397 2038 dilectum
1429 1973 1520 2038 lilium

274 2089 311 2154 lo.
330 2086 547 2173 Bressonum³)
567 2089 774 2171 praesentium
797 2089 929 2154 latorem
947 2107 1037 2172 quem
1061 2087 1099 2152 ad
1122 2087 1402 2174 temittsremus‚⁴)
1428 2087 1521 2153 homi·

273 2223 343 2270 nem
372 2203 551 2287 prudentem
581 2205 612 2267 et
640 2203 728 2268 nobis
758 2202 862 2282 fidum,
892 2204 946 2287 qni
968 2204 1027 2268 tibi
1058 2203 1158 2268 multa
1181 2223 1215 2268 es
1244 2205 1331 2287 parta
1360 2206 1468 2269 nostra
1488 2199 1522 2267 ad

272 2318 342 2384 novi
366 2320 465 2384 status
495 2319 542 2384 tui
565 2320 839 2385 corroborationem
863 2319 1049 2403 pertinentia
1081 2319 1276 2402 significabit
1307 2319 1356 2384 cui
1380 2319 1522 2404 tanquam

271 2433 360 2500 nobis
383 2434 459 2518 ipsis
482 2434 600 2500 credere
622 2435 744 2518 poteris.
790 2432 920 2520 Querar)
945 2436 973 2500 si
999 2436 1053 2500 aut
1077 2453 1112 2500 ea
1136 2434 1244 2499 statim
1267 2452 1356 2518 agere
1379 2453 1459 2519 quaa
1476 2431 1524 2498 ille

272 2553 302 2615 te
325 2549 524 2628 admonuerit,
552 2551 605 2615 aut
628 2550 784 2616 hominem
814 2570 850 2616 ex
872 2551 937 2616 tuis
967 2549 1063 2615 fidum
1096 2549 1134 2614 ad
1157 2569 1212 2616 nos
1235 2550 1358 2616 mittere
1386 2549 1524 2624 volueris,

271 2666 324 2749 qui
347 2685 365 2730 a
388 2666 475 2731 nobis
498 2665 601 2730 omnia
627 2668 799 2748 cognoscat
832 2666 983 2749 experiere
1006 2686 1076 2731 cum
1099 2667 1151 2730 tuo
1174 2684 1287 2750 magno
1316 2665 1477 2731 commodo
1499 2664 1527 2728 et

272 2783 304 2847 in
320 2781 496 2846 christianis
511 2780 688 2846 hominibus
704 2779 851 2846 virtutem
866 2801 901 2846 ec
923 2780 1118 2864 pmdentiam
1141 2798 1208 2846 esso
1223 2781 1254 2846 et
1268 2781 1302 2845 in
1323 2780 1413 2846 nobis
1428 2780 1527 2846 tidem.

272 2897 370 2962 Vama
392 2879 475 2961 Deus
499 2906 589 2980 quem
611 2914 667 2961 nos
690 2896 861 2974 adoramus,
884 2895 936 2961 det
958 2897 1016 2963 tibi
1039 2895 1187 2980 gaudium
1209 2915 1245 2961 er
1260 2895 1385 2962 inimico
1409 2897 1442 2962 ot
1457 2913 1527 2980 pro·

270 3013 455 3096 speritatem
479 3013 513 3076 ut
536 3010 643 3076 deinde
666 3010 779 3077 divinis
802 3012 979 3079 munoribus
1002 3014 1182 3096 provocatus
1197 3011 1343 3096 acquires
1365 3011 1455 3078 illins
1468 3028 1528 3076 'co-

273 3127 445 3212 gnitionem
468 3128 499 3191 et
521 3125 697 3212 amoremt)

878 3343 928 3411 15.

788 3507 1018 3568 Eboracenst.

366 3662 483 3726 Dilecto
506 3661 553 3726 fili
576 3663 679 3727 noster
702 3663 757 3726 ete.
803 3660 960 3726 Mittimus
983 3661 1021 3726 ad
1044 3661 1140 3726 istum
1162 3679 1267 3744 regem
1289 3659 1533 3726 invictissimum

273 3779 304 3842 et
326 3776 365 3842 ad
395 3777 695 3859 circumspectionem
718 3779 806 3842 tuam
829 3776 1000 3859 exemplum
1023 3776 1089 3842 eius
1112 3775 1343 3842 deliberationis
1362 3777 1394 3841 et
1416 3776 1536 3844 decreti

272 3892 352 3975 quod
373 3891 406 3956 in
428 3892 485 3956 hac
508 3893 644 3974 proxima
659 3891 919 3975 Nurembergansi
945 3890 1027 3956 dieta
1043 3889 1227 3957 Germaniae
1248 3891 1364 3956 iecmm
1387 3891 1437 3956 est
1453 3893 1538 3959 circa

271 4027 318 4072 res
342 4007 412 4072 fidei
434 4009 466 4072 et
488 4027 613 4072 causam
639 4007 718 4072 hano
741 4002 875 4084 Lutlreri
899 4006 933 4072 in
960 4026 1018 4091 quo
1043 4007 1146 4090 aliqua
1168 4008 1247 4072 bonu
1278 4009 1364 4082 sunm
1387 4003 1538 4074 videntur

368 4223 385 4286 Ι)
405 4225 589 4281 Benignitatem.
627 4221 710 4289 Repo.
786 4221 1361 4282 ²1Fidelaostreoseueteoetcbristlsuorum
1407 4209 1502 4288 Rapa.

363 4319 505 4380 tauram
521 4323 753 4379 tomsolmnesem.
790 4318 867 4386 sapa
949 4315 969 4374 *ι
987 4321 1114 4369 Mittimus.
1149 4317 1235 4384 sepa.

363 4418 383 4478 ὓ)
402 4419 468 4477 Quod
486 4421 515 4466 st.
553 4415 638 4483 Repe»
708 4415 728 4478 ⁸3
746 4417 775 4466 lu
792 4419 857 4466 seles
872 4419 988 4478 scripturn
1008 4421 1056 4465 est:
1095 4413 1155 4464 bill.
1177 4411 1211 4464 17
1223 4413 1323 4480 Apo-itis
1342 4407 1421 4466 lm
