3192 4930
605 295 824 359 ..75-

47 529 62 587 p
99 507 213 556 ramnes
235 489 362 556 iactum
391 489 450 556 luit
479 507 549 554 cum
571 489 653 555 cir.ne
681 491 735 554 tua
757 489 930 568 convenirs3
959 491 995 556 ut
1024 489 1106 556 esset
1128 489 1266 556 omnium
1288 489 1338 555 in·

63 606 244 681 solmnitas
268 605 428 672 communi
449 604 546 672 tutela
568 606 600 672 st
622 604 795 671 defensione
817 605 920 674 tutior.
965 603 1031 671 Nos
1061 606 1088 671 si
1111 605 1340 690 circumspectio

75 733 139 793 lma
159 743 224 790 rem
246 724 328 790 bane
349 721 516 806 cogitatam
545 722 577 787 st
598 721 718 806 captam
740 721 881 788 insistere
910 722 1001 806 atque
1030 721 1136 806 exequi
1165 741 1339 806 persevera-

86 839 179 917 ucrit,
199 858 263 906 non
279 859 387 906 sumus
403 837 451 904 illi
472 856 569 922 neque
583 837 774 904 auctoritatis
789 839 910 906 nostes
932 836 1064 916 brachio,
1087 856 1183 924 neque
1198 839 1340 905 omnibus

93 955 209 1022 curilis
231 975 310 1040 quae
332 953 482 1038 praestari
496 973 515 1018 a
530 954 617 1020 nobis
639 954 782 1038 poterunt
805 953 955 1030 defuturir
975 953 1066 1039 idque
1088 953 1148 1020 tibi
1162 954 1340 1039 pollicemur

98 1089 132 1135 ac
151 1071 239 1137 stam
261 1072 298 1136 ut
328 1087 499 1154 perseveres
529 1071 560 1135 et
581 1087 690 1154 pergas
721 1069 919 1154 iniungimus.
966 1066 1033 1150 Qua
1062 1071 1156 1136 etiam
1178 1070 1215 1136 oe
1238 1089 1279 1148 re,
1302 1070 1341 1136 au

100 1189 209 1253 nosmos
230 1187 265 1252 in
280 1185 432 1270 Hispania
454 1185 579 1252 nuncios
596 1184 775 1270 scripsimus
798 1185 833 1250 ut
856 1183 937 1268 apud
960 1201 1080 1252 ser.iussam
1096 1183 1256 1252 Caesarem
1271 1205 1339 1252 om·

102 1322 165 1368 nen
184 1321 305 1388 operam
329 1320 388 1386 quo
417 1300 515 1384 ipsius
538 1300 597 1366 tibi
619 1319 736 1386 quoque
758 1301 871 1368 auxilio
893 1300 976 1367 adsit
1005 1301 1152 1368 serenitas
1175 1301 1341 1368 adhibeant

106 1419 133 1482 al
151 1418 347 1503 interponant,
379 1417 457 1484 sicut
479 1416 516 1483 ‹ls
538 1416 588 1483 his
616 1418 718 1483 tecum
749 1416 940 1501 supradictus
969 1421 1059 1484 carli·
1088 1417 1209 1503 legatus
1238 1417 1341 1482 noster

107 1529 186 1600 latim
207 1537 277 1619 aget
306 1533 393 1600 cuius
421 1532 534 1600 litteris
556 1531 649 1599 fidem
678 1532 814 1600 habebis.
859 1533 975 1600 Datum
998 1533 1113 1601 Romae
1135 1533 1184 1600 <lie
1207 1531 1257 1598 vii
1281 1533 1340 1598 Fe-

109 1643 206 1714 bruarii
227 1648 346 1716 mdnv.
392 1648 480 1715 Anno
504 1647 642 1719 secundo.

688 1909 741 1975 52.

330 2073 484 2148 principi
508 2073 701 2150 Germano,
725 2077 761 2134 et
783 2072 1008 2147 Principibus
1032 2077 1099 2132 cic.

178 2229 290 2296 Dilecti
311 2228 371 2296 filii
392 2229 447 2296 ate.
493 2227 561 2294 Etsi
584 2246 690 2293 sumus
713 2227 788 2294 corti
819 2227 995 2294 nobilitates
1026 2228 1143 2292 vestras
1165 2245 1226 2294 non
1248 2226 1343 2293 latere

100 2345 235 2426 quantem
256 2343 375 2412 cladem
405 2363 440 2410 ac
461 2343 627 2428 perniciem
656 2343 763 2409 alferat
790 2343 846 2409 isti
867 2343 1078 2410 nobilissimae
1108 2343 1246 2408 omniurn
1269 2361 1339 2426 pro-

100 2459 254 2526 vinciarum
285 2457 468 2526 Germaniae
490 2458 617 2525 lutheri
646 2459 743 2543 impia
774 2461 805 2524 at
833 2457 1050 2524 abominabilis
1080 2459 1180 2537 sectio,
1211 2477 1287 2542 quea
1310 2461 1340 2524 at

100 2573 190 2655 litem,
212 2577 387 2660 cultumque
411 2576 525 2640 summi
546 2575 605 2642 Dei
634 2593 717 2640 more
739 2576 883 2658 perpetuo
906 2575 953 2641 tot
976 2575 1165 2641 saeculorum
1187 2573 1338 2639 adscitum

98 2693 128 2754 et
147 2693 377 2776 comprobatum,
400 2692 432 2756 et
454 2709 576 2756 omnam
598 2692 790 2774 potestatem
821 2689 1024 2775 disciplinam,
1047 2691 1242 2774 ordinemque
1265 2707 1338 2755 con·

99 2804 197 2887 fundit
225 2808 314 2893 idque
344 2808 478 2886 molitu,
508 2809 544 2872 ut
566 2807 686 2891 legibus
717 2807 911 2890 moribusque
940 2806 1135 2890 perturbatis,
1165 2807 1196 2872 st
1219 2825 1339 2870 summa

100 2918 164 2987 'imis
184 2923 374 3003 misceantur,
397 2926 429 2988 et
452 2923 515 2988 ima
538 2923 668 2988 summis
693 2922 903 2999 dominantum
926 2925 1030 2988 tamen
1054 2923 1156 2988 uisum
1178 2923 1227 2988 ast
1248 2921 1337 2987 nobis

101 3035 134 3100 do
152 3039 256 3106 vitute
278 3045 380 3106 uestra
404 3039 518 3124 optimo
532 3036 738 3106 iudicantibus
761 3059 815 3122 per
837 3041 893 3104 has
916 3039 1037 3104 nostras
1053 3037 1173 3103 litteras
1196 3055 1257 3103 non
1273 3039 1337 3102 tam

102 3149 376 3240 coemissorem
407 3155 576 3235 admonere,
606 3157 641 3221 ut
663 3175 716 3239 par
744 3155 889 3221 honorem
912 3155 997 3221 illius
1027 3153 1246 3238 omnipotentis
1268 3153 1337 3227 Dei,

104 3267 246 3346 quiretis
268 3273 372 3338 tantae
396 3271 567 3355 dignitatis,
598 3273 629 3338 et
653 3272 701 3336 sui
723 3271 907 3356 cognitionis
938 3269 1065 3336 donator
1088 3268 1198 3347 extitit,
1228 3287 1339 3352 perque

108 3397 164 3446 eam
184 3384 276 3464 tilam
298 3406 357 3471 qna
380 3387 428 3454 illi
453 3386 565 3453 servire
587 3390 619 3453 et
641 3387 761 3453 obedire
784 3387 904 3454 astricti
925 3386 1010 3463 estis,
1034 3384 1136 3451 volitis
1159 3382 1269 3449 vestris
1294 3383 1337 3448 si-

110 3495 326 3580 ouilibuseleris,
348 3503 496 3587 bonisque
519 3501 708 3586 principibus
725 3503 882 3569 vobiscum
897 3501 1049 3568 adiunctis
1065 3519 1152 3585 opem
1168 3517 1221 3585 pro
1237 3500 1339 3565 vestra

113 3613 183 3688 urse
201 3615 279 3696 lame,
301 3620 336 3683 ut
357 3618 498 3702 epatris,
521 3620 553 3684 et
575 3619 699 3685 natione
722 3621 830 3698 vestra,
854 3619 887 3684 in
902 3637 961 3702 qua
985 3637 1104 3701 semper
1126 3635 1197 3700 prae
1212 3615 1338 3682 coeteris

117 3722 258 3795 christiana
286 3734 390 3817 religio
413 3733 523 3813 tonuit,
546 3735 619 3800 talis
642 3733 748 3818 pastis,
772 3734 803 3800 et
825 3733 985 3800 calamites
1009 3733 1170 3817 aliquando
1193 3729 1337 3798 extermi-

119 3839 199 3916 netur,
217 3862 249 3910 aa
267 3849 311 3914 tot
332 3849 520 3934 pereuntium
543 3851 716 3917 animamm
740 3851 841 3929 saluti,
865 3853 896 3916 et
911 3852 1023 3936 logum,
1047 3850 1194 3915 bonorum
1210 3865 1338 3924 momm,

125 3955 283 4033 suliciorum
302 3965 482 4045 potestatum
512 3985 588 4050 quaa
611 3985 665 4050 per
694 3965 773 4032 hanc
804 3967 1013 4033 turbulentam
1043 3965 1176 4033 heresim
1198 3965 1231 4029 in
1254 3961 1337 4046 peri-

132 4063 214 4147 culum
231 4073 361 4143 mineus
377 4081 453 4159 sunt,
475 4081 680 4148 incolumitati
703 4083 888 4162 consulatum,
912 4101 982 4148 cunr
997 4081 1087 4148 facila
1108 4081 1172 4148 ian
1195 4077 1337 4146 omnibus

139 4187 260 4262 allllitt
278 4189 333 4254 nisi
352 4211 467 4273 presens
490 4197 658 4264 remedium
681 4197 773 4264 inerit
795 4197 981 4276 adhibitum,
1004 4199 1113 4263 cuncta
1128 4197 1161 4262 in
1183 4195 1336 4261 conlusio-

143 4304 197 4354 ssmr
214 4297 359 4368 struinam
379 4307 506 4378 celeriter
540 4333 606 4380 esse
629 4313 757 4378 abitura.
803 4313 848 4378 Ac
870 4332 925 4379 nos
949 4314 1002 4398 qui
1030 4313 1064 4379 in
1087 4312 1172 4379 vobis
1202 4311 1336 4377 multum

149 4403 202 4484 illi
219 4409 243 4473 u
260 4411 286 4478 iu
305 4417 392 4482 restra
412 4429 555 4506 prestanti
585 4429 697 4496 virtute
722 4428 873 4514 ponimus,
904 4430 939 4494 ut
961 4429 1133 4514 aperiamus
1157 4426 1341 4496 sententiam
