3152 4902
586 333 829 406 -151-

94 534 237 620 expositos.
283 531 435 616 Quicum
458 551 477 597 a
499 532 587 599 nobis
609 531 696 598 tanto
712 531 783 597 ante
806 527 1015 608 monebantur,
1038 529 1073 593 ut
1087 528 1169 593 bunc
1190 525 1331 592 caverent

93 651 201 732 snitum
223 671 297 718 nere
319 650 502 717 Lutheranis
531 648 718 718 novitatibus
748 645 987 726 obsecundando,
1016 647 1135 712 tantam
1165 643 1330 728 perniciem

92 770 117 833 et
137 771 248 853 pestem
271 768 397 844 alerent
420 785 513 851 quam
535 766 568 832 in
590 767 727 851 ipsorum
748 765 848 849 primo
871 766 963 848 caput
985 761 1242 830 denunciabamus
1257 779 1328 826 eru·

90 886 207 968 pturam,
229 884 344 968 partim
368 885 545 969 spreverunt
561 881 708 950 salutaria
731 881 858 948 consilia
881 881 994 958 nostra,
1016 879 1130 963 partim
1145 898 1205 946 non
1228 878 1327 944 medi·

89 999 192 1080 derunt,
215 1000 349 1085 exceptis
378 998 581 1085 paucissimis,
611 998 665 1083 qui
694 1001 725 1064 et
748 997 860 1064 virtute
883 997 914 1062 et
944 995 1105 1082 prudentia
1125 993 1247 1078 prediti,
1269 997 1326 1060 ob-

89 1117 182 1183 sistere
204 1117 306 1184 conati
329 1117 409 1194 sunt,
432 1117 487 1182 tua
508 1115 603 1181 nob.te
631 1114 795 1199 inprimis
818 1115 940 1178 auctore
963 1115 995 1177 et
1017 1111 1099 1190 duce,
1123 1111 1171 1178 cui
1193 1129 1247 1195 pro
1269 1111 1327 1176 hcc

86 1233 297 1316 preclarissimo
316 1232 427 1310 animo,
451 1229 554 1299 omnia
567 1229 701 1315 proiecto
717 1229 824 1296 debere
846 1249 900 1295 nos
915 1228 1100 1314 profitemur.
1145 1227 1215 1293 uiui
1230 1225 1326 1312 igitur

86 1349 143 1428 tibi
165 1351 194 1416 et
216 1349 255 1416 iis
278 1349 331 1434 qui
353 1351 454 1416 boum
478 1347 583 1415 eadem
606 1347 752 1434 religione
775 1365 809 1412 ae
831 1347 945 1431 pietate
959 1364 1032 1430 erga
1055 1364 1210 1411 summum
1224 1343 1325 1411 Deum

86 1463 118 1530 ad
133 1464 346 1532 succurendum
368 1464 507 1549 pereunti
528 1463 646 1548 patriae
669 1483 740 1529 suae
763 1462 880 1529 incensi
903 1464 983 1540 runt,
1006 1481 1042 1528 ea
1064 1479 1140 1546 quae
1162 1478 1324 1546 possumus

86 1579 201 1648 libenter
229 1581 426 1666 impertimus
455 1579 576 1661 auxilia,
606 1579 739 1664 amplius
768 1578 862 1644 etiam
892 1577 1056 1662 cupientes,
1086 1575 1140 1644 sad
1162 1575 1323 1643 facultates

86 1695 169 1762 amori
195 1715 283 1782 paras
306 1716 367 1763 uon
391 1697 472 1762 sunt.
517 1693 584 1762 Nec
606 1695 789 1761 desistemus
812 1693 890 1760 inire
912 1693 1028 1778 aliquid
1051 1692 1172 1759 consilii
1205 1709 1273 1776 quo,
1297 1692 1324 1758 si

85 1813 160 1879 tuat
179 1812 288 1898 reliqui
317 1812 470 1898 principes
493 1809 675 1878 Germaniae
705 1811 839 1876 vennam
869 1809 1054 1896 dignitatem
1077 1811 1107 1875 st
1130 1809 1163 1874 in
1185 1805 1322 1876 aeclesiis

85 1928 264 1996 restituendis
288 1927 387 1994 divini
408 1927 544 1994 nominis
567 1927 712 1994 honorem
736 1927 774 1992 ab
798 1926 880 1994 omui
903 1927 973 1992 labe
1003 1927 1093 2010 atque
1115 1923 1228 1990 iniuria
1250 1923 1319 1990 vin·

84 2042 257 2124 disseritis,
287 2042 458 2130 impiaeque
487 2043 649 2123 novitatis,
680 2045 711 2110 et
740 2041 872 2110 inauditi
895 2042 971 2108 alias
1002 2041 1124 2108 sceleris
1146 2039 1321 2108 incendium

83 2161 277 2240 reetimeritis,
300 2160 434 2248 gratiam
450 2161 537 2226 vobis
551 2161 688 2245 aliquam
711 2159 822 2226 referat
845 2159 980 2236 ecclesia
1003 2177 1186 2244 onerumque
1201 2159 1318 2224 vastro-

80 2295 139 2342 rum
160 2279 189 2343 et
211 2277 400 2362 sumptuum,
430 2295 507 2362 quae
530 2278 688 2361 propterea
711 2275 876 2354 subieritis,
905 2277 1024 2359 partem
1047 2294 1107 2340 non
1137 2273 1320 2342 mediocrem

81 2391 204 2470 suderat3
226 2393 288 2460 etsi
309 2395 340 2459 te
363 2395 535 2459 canentem
552 2393 658 2477 sponte
681 2395 734 2458 tua
758 2392 872 2458 scimus
895 2411 950 2458 nos
972 2391 1109 2470 incitare,
1139 2389 1212 2476 quid
1235 2389 1317 2456 enim

80 2507 123 2572 tua
148 2507 266 2594 pietate,
296 2511 350 2574 tua
372 2509 546 2575 constantia
571 2527 607 2575 ao
635 2509 814 2595 integritate
837 2507 972 2574 clarius?
1001 2525 1037 2574 ao
1059 2507 1165 2594 gravia
1194 2505 1317 2592 quidem

79 2625 139 2689 sumt
165 2643 241 2710 qnae
263 2627 294 2691 te
317 2624 445 2710 eingrmt
467 2625 609 2710 pericula,
640 2623 821 2712 sed-{eadem
851 2625 981 2710 gloriam
1004 2623 1063 2690 tibi
1092 2641 1158 2690 eam
1189 2623 1315 2691 benivo-

77 2737 248 2826 lentiamque
269 2741 402 2826 pariunt
432 2741 517 2808 cuius
541 2741 657 2807 ductus
681 2745 752 2808 ate
782 2741 964 2827 percipietur
993 2741 1204 2826 sempiternus.
1249 2740 1315 2808 Nos

77 2854 128 2920 buis
147 2855 257 2922 litteris
280 2856 370 2924 lectis
394 2856 492 2924 adad
515 2857 745 2924 serenissimum
761 2857 887 2924 fratrem
909 2859 997 2924 tuum
1021 2857 1150 2924 scribere
1173 2857 1313 2924 institui-

76 2987 132 3036 mus
153 2973 182 3037 at
203 2992 274 3038 cum
297 2972 342 3038 eis
365 2971 536 3058 principum
566 2972 737 3040 crateribus
760 2974 813 3058 qui
836 2973 915 3058 apud
947 2993 1002 3040 nos
1026 2975 1098 3039 sunt
1120 2973 1313 3040 vehementer

74 3085 188 3168 egimus,
211 3089 246 3154 ut
261 3107 315 3172 pro
332 3107 386 3154 sua
409 3089 496 3173 parte
509 3089 703 3155 hortarentur
726 3109 805 3168 suos,
828 3091 862 3155 ut
878 3089 916 3155 ad
938 3091 1013 3156 baec
1028 3090 1157 3156 arcenda
1178 3089 1312 3176 pericula

74 3197 138 3268 ferre
153 3203 324 3270 subsidium
340 3203 444 3282 velint
467 3204 500 3269 in
522 3224 580 3290 quo
604 3205 739 3271 maxima
760 3208 808 3272 est
824 3203 961 3272 Caesaris
984 3205 1157 3286 auctoritas,
1181 3205 1310 3272 facmtas

73 3319 162 3384 subm
183 3320 322 3387 omnium
345 3320 377 3386 et
399 3321 540 3388 voluntas
563 3321 645 3388 esset
667 3321 772 3400 maior,
796 3321 823 3386 si
846 3322 994 3406 quomodo
1017 3323 1071 3390 aut
1085 3322 1225 3407 componi
1247 3322 1309 3388 fida

72 3451 126 3514 pur,
147 3437 197 3501 aut
218 3434 350 3502 induciis
374 3436 459 3522 quies
483 3435 548 3504 dari
570 3435 694 3503 afflictis
716 3439 748 3504 et
770 3437 981 3504 dubitantibus
1003 3437 1123 3522 populis
1146 3437 1253 3524 possit
1275 3437 1307 3504 in

71 3567 120 3630 qua
139 3569 208 3634 paca
232 3549 386 3618 suadenda
408 3553 479 3619 tuae
500 3553 659 3637 praecipue
681 3573 750 3620 esse
763 3553 877 3621 debent
898 3553 1008 3638 partes.
1054 3552 1136 3620 Illud
1157 3555 1190 3621 et
1211 3555 1306 3621 velle-

72 3681 129 3730 mus
148 3669 179 3734 et
201 3668 390 3734 consulimus
413 3668 480 3746 tibi,
502 3671 538 3734 ut
560 3669 625 3736 eius
655 3669 803 3735 enerdtus
826 3669 953 3736 baterni
975 3669 1027 3754 qui
1049 3669 1125 3736 locis
1147 3669 1210 3736 tuis
1232 3690 1304 3755 pro-

70 3777 184 3866 pinquus
214 3783 261 3849 est
290 3800 381 3867 opera
410 3785 441 3850 et
470 3783 582 3850 auxilio
612 3785 708 3850 utin
737 3785 999 3866 oneraveris,
1029 3805 1099 3852 cum
1129 3805 1248 3872 semper
1276 3787 1306 3853 ei

70 3895 184 3974 pedculo
212 3898 293 3984 quod
321 3917 465 3983 praesens
488 3899 621 3965 mamma
645 3903 698 3966 est
728 3900 967 3968 subveniendum
990 3901 1040 3982 sit
1070 3903 1101 3967 et
1124 3921 1229 3969 omnes
1251 3901 1302 3968 iu·

71 4009 201 4079 tellectnri
223 4014 288 4080 sint
305 4013 423 4080 nob.tem
446 4016 532 4080 tuam
548 4033 616 4080 vere
638 4017 730 4100 atquc
752 4035 787 4082 ex
810 4016 912 4084 animo
935 4017 973 4084 ad
990 4017 1223 4084 succurrendum
1246 4037 1300 4102 pe·

72 4123 157 4194 riculis
178 4129 390 4196 communibus
412 4131 507 4198 totius
531 4129 712 4198 Gemanica
734 4131 886 4199 intentam
909 4135 940 4200 et
962 4135 1102 4218 paratam
1124 4151 1198 4213 esse,
1222 4133 1301 4200 sicut

71 4239 147 4312 latim
167 4247 265 4312 tecum
289 4245 419 4312 dilectus
442 4245 524 4312 filius
540 4245 744 4332 Hieronymus
759 4247 904 4315 Rorarius
927 4249 1055 4316 nuncius
1079 4249 1181 4314 noster
1195 4249 1299 4315 nostro

69 4359 172 4427 nomine
186 4363 264 4447 aget
288 4360 338 4428 cui
360 4361 467 4427 noba·
482 4362 536 4428 tua
558 4361 649 4428 fidem
666 4380 788 4428 omnem
809 4362 943 4430 habebit.
981 4361 1096 4430 Dabam
1112 4362 1226 4429 Romae
1242 4363 1297 4432 eto.

68 4471 128 4541 uin
148 4475 221 4545 biaii
242 4477 362 4544 mdxxv.
407 4475 496 4545 Anno
519 4477 657 4546 secundo.
