3258 4904
745 326 991 395 ..450-

239 543 289 591 me
318 523 435 591 notario
463 523 584 608 publico
614 522 808 607 infrascripto
830 541 968 591 camerae
996 523 1180 608 spostolicae
1209 543 1305 591 unum
1327 523 1379 591 rel
1408 523 1502 610 plura

238 639 394 725 publicum
418 658 471 705 seu
493 639 616 723 publica
636 639 704 706 fieri
717 640 810 723 atque
831 639 938 706 confici
960 640 1051 724 petiit
1065 641 1306 707 instrumentum
1329 643 1362 706 et
1376 641 1499 707 meun-

239 757 350 822 menta.
395 757 473 820 Acta
495 755 618 821 fuemnt
639 755 714 821 baec
735 755 851 822 Romae
873 754 906 821 iu
929 756 1045 840 palatio
1068 755 1234 841 apostolico
1259 757 1315 822 sub
1338 774 1421 822 anno
1443 756 1499 822 in·

239 871 370 936 dictione
391 889 497 937 mense
518 871 550 936 et
571 869 750 954 pontificatu
772 870 883 956 quibus
907 890 1007 955 supra,
1028 871 1221 956 presentibus
1243 870 1360 938 ibidem
1383 887 1446 938 rem
1462 871 1501 938 in

239 985 361 1052 Christo
374 985 469 1070 petra,
491 985 615 1052 domiuo
629 984 802 1069 Augustino
818 984 944 1070 Spinola
959 985 1113 1053 cardinale
1128 987 1276 1054 Perusino
1291 989 1416 1052 sunnine
1431 987 1500 1053 Ro-

239 1119 348 1167 manae
362 1100 688 1181 ecclesiaecamerario
704 1101 735 1166 et
749 1122 772 1167 r.
782 1101 917 1185 predicto
933 1101 1056 1168 domino
1066 1103 1185 1168 Thema
1200 1102 1237 1168 de
1246 1102 1339 1168 Prato
1355 1101 1501 1186 episcopo

239 1215 414 1282 Ganatense
435 1214 532 1300 ipsias
556 1235 579 1284 s.
594 1215 711 1282 domini
734 1216 831 1281 nostri
853 1235 947 1300 papae
969 1217 1088 1284 mario
1111 1237 1167 1284 uec
1188 1237 1250 1284 non
1270 1215 1406 1283 dominis
1429 1217 1499 1282 Be·

240 1333 324 1398 bertc
347 1330 385 1397 de
406 1331 526 1397 Puceiis
548 1332 579 1396 et
602 1329 762 1397 Francism
785 1330 822 1397 de
847 1331 1011 1398 Valeribus
1034 1332 1122 1399 laicis
1145 1332 1333 1398 Florentinis
1362 1331 1500 1398 acinus

240 1446 278 1512 ad
300 1445 450 1532 premissa
471 1447 587 1512 vocetis
611 1445 782 1531 specialiter
805 1448 895 1531 atque
918 1448 1043 1532 rogatis.

328 1562 369 1628 nt
383 1580 439 1646 ego
457 1561 591 1628 Veritius
607 1560 722 1644 Spstba
744 1560 781 1627 de
798 1559 883 1628 Oesis
905 1563 1032 1628 clericus
1050 1561 1230 1647 Spoletanee
1245 1563 1376 1629 diocesis
1390 1581 1498 1629 mme-

239 1696 290 1743 rae
312 1675 494 1762 apostolicae
517 1676 662 1757 notarius,
686 1676 757 1760 quia
779 1676 938 1760 premissis
962 1677 1105 1744 omnibus
1127 1679 1159 1744 el
1182 1678 1315 1763 singulis
1337 1697 1397 1743 nne
1424 1697 1498 1744 cum

239 1791 478 1878 praenominatis
500 1791 631 1858 testibus
652 1791 787 1872 interfui,
814 1792 881 1859 ideo
903 1793 961 1860 boc
982 1813 1107 1878 presens
1129 1793 1371 1860 instrumentum
1392 1793 1500 1860 eliens

240 1927 333 1974 manu
356 1908 504 1992 scripturn
526 1925 595 1972 mea
618 1907 786 1991 subscripsi
808 1910 844 1973 nt
865 1909 1026 1993 publicavi,
1050 1909 1175 1994 signum
1198 1928 1368 1993 nomenque
1390 1927 1499 1975 meum

241 2024 420 2091 consuetum
442 2041 595 2107 apponens
618 2023 651 2089 in
673 2021 766 2089 fidem
788 2026 914 2107 rogatus
938 2025 992 2092 etc.

330 2139 358 2205 A
381 2135 509 2223 Spinule
530 2137 617 2203 tituli
640 2139 739 2204 sancti
761 2137 880 2224 Ciryaci
902 2139 935 2206 in
957 2141 1085 2206 Termis.

330 2255 400 2322 Pbr.
423 2253 587 2320 cardinalis
610 2254 777 2321 Perusinus
800 2274 823 2321 s.
839 2256 875 2321 R.
892 2274 916 2322 e.
940 2257 971 2322 et
986 2275 1010 2322 s.
1026 2255 1054 2321 d
1070 2277 1100 2322 n.
1123 2274 1219 2341 papae
1234 2255 1421 2323 camerarius
1438 2257 1498 2323 etr.

329 2415 489 2483 Univereis
513 2416 544 2481 et
566 2414 698 2500 singulis
721 2418 877 2498 presentes
900 2417 1083 2501 inspecturis
1106 2415 1312 2483 demandato
1335 2435 1359 2482 s.
1375 2416 1500 2484 domini

240 2530 338 2598 nostri
360 2529 525 2597 Clementis
554 2529 659 2596 divine
680 2530 871 2615 providentia
892 2550 988 2616 papae
1011 2532 1136 2616 septimi
1158 2533 1244 2598 vivae
1268 2532 1349 2598 vocis
1373 2533 1499 2598 oraculo

240 2666 329 2731 snper
351 2647 408 2712 boc
430 2646 519 2712 nobis
541 2646 630 2725 facto,
653 2647 685 2712 et
713 2646 895 2713 auctoritate
916 2647 1016 2713 nostri
1038 2647 1256 2713 camerariatus
1286 2646 1379 2713 officii
1401 2646 1498 2713 fidem

215 2741 369 2828 'facimus
392 2763 423 2828 et
451 2762 633 2827 attestamur
661 2760 741 2845 quod
771 2761 962 2845 supradictus
991 2761 1133 2829 dominus
1156 2760 1294 2828 Veritins
1317 2759 1436 2846 Spetbe
1457 2762 1499 2829 de

124 2879 127 2887 '
240 2877 325 2944 Oasis
353 2879 401 2943 est
430 2877 569 2962 publicus
598 2878 629 2942 et
658 2895 795 2943 camerae
824 2877 1008 2961 apostolicae
1039 2876 1177 2944 notarius
1207 2877 1332 2960 eiusque
1360 2878 1499 2962 publicis

241 2994 363 3078 scriptis
385 2991 510 3058 indubia
525 2991 600 3057 fides
623 2991 788 3058 adhibetur
811 2993 844 3057 in
867 3011 994 3076 quorum
1018 2989 1110 3058 fidem
1124 2992 1281 3077 presentes
1303 3011 1398 3060 manu
1421 3013 1498 3080 pro·

239 3110 306 3195 pria
321 3107 566 3193 subscripsimus,
589 3109 620 3173 et
636 3107 719 3173 soliti
736 3107 834 3173 nostri
855 3107 1072 3174 camerariatus
1087 3106 1181 3173 officii
1197 3106 1296 3192 sigilli
1310 3108 1499 3192 appensione

240 3226 354 3292 muniri
368 3224 503 3291 fecimus.
525 3224 641 3289 Datum
650 3223 765 3290 Romae
780 3224 813 3288 in
828 3241 947 3289 camera
962 3223 1128 3307 apostolice
1143 3221 1366 3308 dieidmrsti
1375 3223 1497 3291 mdxxx

932 3341 969 3406 A.
992 3336 1156 3404 cardinalis
1179 3339 1366 3405 camerarius

958 3453 1170 3520 Bertclomeus
1186 3451 1337 3538 (lupellus,

868 3587 1004 3634 camerae
1026 3569 1208 3653 apostolicae
1231 3569 1370 3636 noterius
1391 3571 1450 3637 etc

329 3757 389 3839 Qui
411 3757 593 3844 magnificus
622 3755 763 3823 dominus
786 3755 952 3822 Baldaseer
975 3755 1012 3821 de
1034 3755 1204 3822 Berlurclis
1227 3756 1376 3841 patricius
1399 3757 1494 3825 Gess-

240 3877 356 3940 nolens.
379 3875 514 3958 potestas
537 3873 718 3952 antedictus,
742 3873 820 3938 etin
842 3870 977 3955 presenti
995 3889 1087 3936 causa
1106 3872 1346 3952 commissarius,
1368 3873 1400 3940 et
1422 3892 1495 3940 ere-

239 3993 325 4058 outor
347 3988 518 4056 antedictus
532 3989 651 4073 prefata
673 3987 808 4067 admisit,
832 3987 859 4052 si
882 3989 913 4052 et
934 3985 1140 4072 inquantum,
1163 3989 1194 4053 et
1209 3987 1275 4054 vieo
1298 3987 1381 4054 dicto
1400 4008 1495 4055 man·

239 4107 320 4187 dato,
343 4124 378 4171 ac
399 4105 498 4172 literis
520 4104 704 4189 patentibus,
727 4122 811 4187 quae,
841 4104 872 4167 et
894 4102 973 4187 quod
996 4121 1032 4168 ea
1052 4103 1222 4170 reverantia
1243 4122 1304 4188 qna
1326 4103 1438 4184 decuit
1461 4107 1495 4170 et

238 4222 336 4307 capite
359 4223 463 4305 aperto
486 4239 521 4286 ac
543 4219 689 4286 inclinato
710 4218 824 4303 recepit
846 4217 976 4302 stipsis
999 4219 1086 4284 lectis
1102 4219 1194 4303 atque
1212 4219 1356 4304 perlectis
1377 4219 1495 4286 obtulit

239 4357 271 4402 se
293 4336 435 4420 peratum
457 4335 505 4401 ius
527 4338 559 4402 et
580 4336 733 4402 iustitiam
755 4335 853 4402 facere
876 4336 907 4400 et
929 4333 1143 4400 administrare
1166 4333 1251 4400 iaxta
1273 4337 1305 4401 et
1323 4335 1493 4402 secundum

239 4449 371 4514 formam
399 4449 535 4514 tenorem
564 4451 595 4516 et
623 4449 842 4517 continentiam
872 4448 971 4516 dictae
1000 4448 1234 4534 commissionis,
1264 4451 1296 4517 et
1320 4451 1493 4522 successise
