3128 4908
563 313 808 380 -219-

75 506 160 574 ineis
187 507 363 574 hominibus
392 508 542 593 eligendis
564 509 618 593 qui
640 507 719 594 apud
750 513 854 575 ser.tem
879 511 964 574 mam
994 509 1098 574 nostra
1127 509 1159 572 et
1181 505 1311 574 Sanctae

75 622 150 690 Sedis
171 624 352 708 apostolicae
374 625 498 709 negotia
520 624 681 690 tractaturi
704 624 776 704 sint
799 623 965 690 marimum
988 625 1019 690 ct
1040 623 1114 690 fidei
1135 625 1167 689 et
1189 621 1313 688 virtutis

75 740 208 806 rationem
238 739 414 806 habeamus.
467 725 669 823 domitaque
698 741 836 806 reuocato
866 739 905 804 ed
927 757 983 806 nos
1006 738 1058 805 dil
1081 737 1124 804 fil
1148 737 1313 805 Melchiore

74 855 166 940 lengo
187 856 239 940 qui
260 855 342 940 apud
363 857 395 922 te
417 855 563 923 nuncium
585 857 725 922 nostrum
748 855 878 922 fideliter
901 857 1031 940 apteque
1053 854 1159 940 gessit
1186 854 1313 921 missuri

73 990 195 1038 essemus
209 971 310 1038 mum
325 971 455 1056 probum
476 971 569 1056 longa
592 971 680 1037 nobis
695 971 907 1037 familiaritate
922 972 1086 1056 probotum
1109 972 1142 1037 et
1155 970 1329 1055 cognitum«

73 1087 117 1168 qui
143 1087 264 1154 mdem
286 1085 368 1152 vices
397 1087 556 1166 obtineret,
585 1087 753 1152 detulimus
775 1087 855 1152 hanc
885 1087 975 1153 uobis
1004 1085 1159 1170 imprimis
1188 1086 1313 1154 chorum

72 1205 319 1287 opportmcmqne
340 1201 528 1286 provinciam
551 1201 603 1268 dil
626 1202 657 1268 li.
680 1202 796 1270 Uherto
819 1202 856 1268 ds
880 1200 1046 1268 Gamberis
1068 1201 1187 1269 nobrio
1210 1204 1314 1269 uostm

72 1317 178 1384 homini
198 1321 230 1384 et
251 1317 412 1384 nobilitate
434 1318 555 1402 generis
578 1320 609 1384 et
631 1317 819 1403 praestantia
841 1317 958 1402 ingenii
981 1337 1055 1385 sane
1078 1337 1171 1402 quam
1193 1317 1313 1397 eximio,

73 1433 123 1500 fido
144 1435 245 1500 autem
268 1432 357 1500 nobis
378 1434 411 1500 et
425 1434 547 1517 eccepto
570 1434 711 1512 maxime,
733 1433 787 1518 qui
809 1433 849 1500 ad
871 1433 1046 1500 tenuncius
1070 1435 1174 1501 noster
1189 1433 1314 1502 renisus

72 1549 163 1614 omnia
190 1551 296 1615 nostra
325 1549 452 1616 consilis
474 1548 627 1633 perterret,
656 1568 791 1633 quaeque
821 1549 859 1615 ad
882 1568 1043 1616 commune
1073 1551 1187 1616 honum
1210 1547 1313 1633 reipu-

73 1663 157 1730 blicae
178 1664 365 1732 christianes
387 1666 419 1731 et
440 1664 531 1731 huius
556 1662 626 1730 se·
650 1662 737 1730 Sedis
760 1664 912 1748 pertinere
935 1664 1024 1731 nobis
1047 1665 1207 1732 rideantur
1229 1665 1315 1748 large

73 1779 162 1845 tecum
183 1780 237 1846 illc
259 1780 505 1846 communicaret
552 1777 612 1846 Sed
634 1779 694 1846 etsi
724 1779 838 1846 scimus
864 1800 956 1865 quem
978 1799 1034 1848 nor
1057 1800 1127 1846 cum
1149 1781 1200 1846 his
1221 1799 1313 1846 man·

72 1893 144 1960 datis
165 1894 204 1960 ed
225 1901 332 1961 ser.tole
348 1898 434 1962 tuem
456 1894 612 1962 mittimus
635 1913 706 1962 eum
729 1915 761 1962 se
783 1895 843 1962 tibi
856 1895 952 1963 etiam
976 1897 1042 1963 sine
1064 1897 1187 1963 hortatu
1212 1897 1315 1963 nostro

73 2027 118 2092 pro
131 2012 183 2076 tun
197 2011 349 2096 singulnri
364 2012 396 2077 et
409 2013 554 2095 perpetua
574 2030 649 2096 erga
668 2029 724 2078 nos
740 2011 945 2079 benivolentia
961 2013 1085 2097 gratum
1100 2012 1315 2096 acceptumque

72 2124 140 2202 iore;
167 2127 326 2193 hortamur
354 2130 459 2194 temen
494 2127 722 2194 consuetudinis
752 2146 843 2196 muse
873 2128 1000 2195 eandem
1031 2133 1135 2195 sor.telo
1165 2129 1252 2194 tuam
1282 2127 1316 2193 in

73 2241 193 2310 Domino
222 2245 257 2308 ut
286 2261 357 2308 eum
386 2240 518 2327 benigno
546 2242 680 2327 accipere
710 2243 898 2329 libenterque
928 2244 1033 2310 audire
1062 2244 1258 2328 retinetque
1287 2244 1317 2310 oi

74 2376 217 2424 summum
239 2357 377 2424 omnium
393 2377 494 2424 rerum
516 2358 609 2425 tidem
632 2359 784 2426 adhibere.
831 2357 919 2441 Quod
933 2359 1025 2427 lactet
1048 2364 1144 2426 serie*
1158 2361 1213 2426 tua
1227 2359 1316 2426 nobis

73 2473 193 2541 marimo
207 2476 348 2558 optatum
363 2477 395 2540 et
418 2493 473 2540 sun
495 2474 627 2559 pristine
643 2475 835 2542 humanitate
854 2475 1083 2560 dignissimum.
1128 2475 1246 2541 Datum
1259 2477 1316 2542 etc.

657 2737 728 2802 168.

578 2901 807 2960 Eboracensi.

151 3054 269 3120 Dilecto
284 3053 331 3119 tili
354 3055 464 3121 noster.
503 3052 669 3139 Nunquam
692 3053 784 3120 letuit
800 3054 1101 3139 circumspectionem
1115 3056 1202 3120 tuum
1217 3073 1316 3139 quun·

74 3169 132 3234 tum
151 3189 206 3236 nos
229 3169 302 3235 fidei
324 3171 475 3253 quantum
490 3169 556 3254 spei
578 3189 697 3253 semper
718 3169 910 3253 posuerimus
931 3169 1035 3236 intua
1060 3187 1182 3235 summo
1203 3169 1317 3236 virtute

74 3285 153 3368 atpue
174 3284 337 3369 prudentia
358 3284 393 3349 in
414 3283 465 3350 his
486 3285 577 3350 robus
605 3284 773 3351 tractandis
796 3287 828 3352 et
849 3283 1045 3353 moderandis
1068 3303 1145 3369 quae
1167 3283 1206 3350 ed
1229 3302 1316 3349 sum·

74 3417 146 3466 mam
173 3399 360 3466 christianae
389 3399 572 3484 reipublicae
601 3401 770 3484 pertinent,
799 3419 876 3485 quae
906 3399 1034 3466 sialias
1064 3418 1208 3484 unquam,
1237 3418 1319 3465 nunc

74 3515 183 3600 maguis
204 3514 350 3599 periculis
372 3515 460 3582 nobis
483 3515 603 3582 ridetur
625 3516 769 3601 exposite„
800 3517 849 3582 rel
871 3515 1056 3583 immanium
1079 3515 1247 3582 Tuscorum
1269 3514 1318 3580 vel

73 3627 277 3698 immaniorum
307 3629 403 3696 ctiam
425 3631 627 3698 hereticorum
657 3631 843 3698 tumultibus
866 3650 901 3697 ac
935 3630 1058 3697 insidiis
1080 3631 1192 3716 ubique
1213 3631 1317 3696 insur-

72 3746 211 3827 gentibus.
258 3743 377 3825 Quibus
399 3747 529 3830 aliisque
551 3746 585 3814 in
607 3747 759 3830 procellis,
783 3765 822 3812 ne
845 3747 952 3812 sancte
973 3746 1061 3812 ueris
1087 3745 1173 3812 Petri
1193 3744 1317 3830 pericli-

73 3859 124 3926 tari
143 3860 255 3928 habeat
283 3879 467 3946 magnopere
488 3861 577 3928 nobis
600 3862 632 3927 et
656 3862 727 3928 tuae
749 3879 870 3946 quoque
893 3861 972 3927 cir.oi
990 3880 1045 3945 pro
1071 3879 1184 3945 magno
1206 3861 1319 3928 honore

73 3993 152 4056 quem
173 3977 256 4061 gorio
279 3975 498 4060 providendum
521 3979 577 4056 est,
600 3977 635 4042 ut
657 3977 691 4043 in
712 3976 836 4043 homine
860 3995 978 4060 quoque
1000 3975 1141 4061 eligendo
1163 3975 1217 4060 qui
1237 3975 1319 4061 apud

74 4089 147 4156 teet
167 4091 407 4159 invictissimum
436 4093 533 4159 istum
555 4110 660 4177 regem
683 4094 789 4159 nostru
812 4093 845 4158 et
867 4090 954 4159 Sedis
983 4090 1167 4176 apostolicae
1196 4090 1319 4175 negotiu

76 4205 173 4272 tractet
199 4207 368 4273 marimum
391 4209 422 4272 et
443 4205 516 4274 fidei
538 4207 570 4274 ct
592 4206 715 4274 virtutis
747 4206 1020 4274 considerationem
1049 4205 1161 4272 habere
1183 4224 1239 4272 nos
1262 4204 1316 4270 de-

77 4318 203 4401 boemus3
226 4345 298 4388 cum
313 4326 418 4406 docus
433 4322 488 4388 etc.
507 4325 640 4407 (coetera
655 4333 693 4388 eet
706 4327 741 4388 tro
755 4326 912 4409 asperiori
926 4322 1032 4387 littera
1048 4325 1179 4386 mamito
1194 4321 1318 4402 titulis).

77 4432 177 4502 Romae
198 4436 383 4524 apuo‘srum
399 4437 526 4503 Petrum
549 4439 604 4504 etc.
629 4437 677 4504 die
693 4438 769 4504 rrri.
787 4436 945 4504 Februarii
960 4435 1091 4501 mdrrvi.
1115 4436 1204 4502 duno
1220 4435 1318 4515 tertio,
