3258 4904
778 269 934 340 -474
978 305 1024 321 -··

275 463 397 528 sunone
411 463 566 530 &manae
588 463 731 532 ecclesiae
746 465 868 545 tacita,
884 466 1002 533 scilicet
1015 467 1053 533 de
1067 467 1252 548 annosus,
1270 471 1413 550 mallis
1427 470 1507 549 villis

274 577 358 658 vicis,
374 578 488 658 vinclis
503 579 609 662 pratis,
631 581 760 664 pascuis,
775 581 901 665 campis,
921 582 1017 662 silvis,
1041 583 1166 664 salietis,
1187 585 1299 664 hrudis,
1315 587 1506 666 meatibuaat

273 699 311 765 de
333 700 474 766 omuibus
497 699 629 782 publicis
651 717 686 765 ac
708 701 837 782 privatis
860 701 921 768 sibi
948 702 1113 776 concessis;
1135 699 1173 766 de
1195 701 1311 768 colonis
1334 719 1402 768 vero
1429 721 1507 786 super

273 818 386 882 terram
408 814 544 882 eiusdem
573 813 717 882 ecclesiae
742 815 953 882 babitantibus
975 819 1007 882 et
1028 817 1066 883 de
1085 835 1189 883 acrum
1213 817 1331 902 angriis
1354 816 1506 884 redditibus

272 931 394 1016 placitis
417 931 482 998 sive
503 930 745 998 districtionibus
768 932 848 998 dont
869 932 902 1000 in
924 933 1073 1016 prosapiis
1095 935 1127 999 et
1148 933 1319 1018 privilegiis
1335 934 1461 1000 uidimus
1480 935 1505 1000 et

273 1047 405 1132 legimus
428 1047 465 1113 de
486 1046 690 1113 familiaribus
712 1067 783 1114 uero
804 1067 840 1114 ac
862 1047 996 1126 famulis,
1019 1051 1050 1115 et
1072 1049 1110 1115 de
1132 1051 1255 1116 centum
1278 1069 1425 1118 annorum
1445 1070 1505 1134 pre·

272 1163 488 1247 scriptionibus
511 1182 612 1230 rerum
635 1163 747 1230 habeat
760 1163 828 1248 ipsa
843 1164 970 1230 ecclesia
985 1166 1091 1232 mnata
1105 1166 1350 1232 Ravsmaamis
1372 1169 1403 1232 et
1417 1165 1505 1233 omnia

272 1279 456 1346 monasteria
478 1280 544 1346 eius
575 1279 655 1344 sicut
676 1280 732 1346 hoc
753 1279 879 1363 antiqua
901 1281 1007 1348 Roma
1045 1281 1128 1348 Haec
1150 1281 1253 1348 omnia
1276 1283 1390 1350 atalia
1411 1283 1504 1350 multa

271 1413 348 1477 quae
370 1395 475 1462 anco
495 1395 683 1462 Ravennatis
705 1396 832 1462 ecclesia
853 1397 988 1463 continet
1009 1398 1150 1481 precepta
1171 1401 1203 1465 et
1223 1397 1386 1484 pmvileffla
1406 1398 1503 1465 contr·

271 1529 401 1590 mamus,
422 1513 454 1578 et
475 1510 655 1578 confirmata
676 1513 913 1592 corroboramus,
943 1513 1061 1598 siquis
1084 1531 1153 1580 sero
1175 1513 1255 1597 quod
1284 1533 1345 1581 non
1368 1513 1503 1580 credimus

270 1628 385 1712 aliquia
406 1647 425 1693 a
446 1627 675 1694 Bauematensi
696 1628 823 1694 ecclesia
852 1627 984 1696 dictione
1005 1648 1041 1695 ex
1063 1628 1125 1696 hiis
1148 1629 1313 1714 praedictis
1342 1629 1504 1696 subtrahere

269 1744 441 1822 hahuerit.
464 1743 513 1810 vel
535 1741 568 1810 in
590 1743 692 1826 aliquo
708 1745 813 1810 contra
835 1745 893 1812 hcc
914 1747 1055 1814 nostmm
1070 1744 1265 1831 privilegium
1287 1745 1446 1813 molestare
1461 1744 1503 1809 di·

269 1859 404 1926 minuere
431 1859 592 1926 temerario
620 1877 697 1926 ausu
719 1862 940 1946 presumpserit
968 1861 1045 1928 sciat
1074 1879 1108 1927 se
1129 1879 1165 1925 ex
1186 1861 1268 1944 parti
1289 1861 1350 1928 Dei
1377 1861 1504 1944 crumpe-

268 1975 370 2054 lauhs,
393 1976 425 2041 et
440 1976 614 2043 sanctorum
629 1975 798 2042 trecentum
813 1974 916 2042 decem
939 1978 971 2043 et
985 1979 1051 2044 octo
1066 1977 1198 2060 patrum,
1220 1995 1337 2042 necnon
1352 1979 1383 2044 et
1396 1978 1505 2044 nostrae

268 2090 487 2158 mediocritatis
517 2091 698 2158 auctoritate
719 2092 751 2158 et
774 2093 895 2158 sancho
924 2092 1033 2177 synodi
1054 2094 1170 2159 Reum
1198 2093 1333 2176 presenti
1354 2091 1504 2158 indictione
1603 2161 1604 2166 ,

266 2207 468 2292 congregatae
496 2206 701 2272 anathematis
731 2207 862 2274 uinculis
890 2207 1070 2275 innodatum
1100 2209 1229 2275 etcum
1258 2207 1342 2274 duda
1373 2207 1504 2272 traditore

266 2321 382 2389 domini
404 2321 502 2389 ncshi
523 2321 600 2388 Jesu
622 2319 737 2388 Christi
766 2324 879 2390 eternis
902 2323 1061 2410 suppliciis
1083 2323 1271 2408 deputatum,
1293 2324 1346 2409 qui
1368 2343 1434 2390 vero
1453 2322 1504 2387 cb·

266 2437 401 2504 mrcator-
430 2437 564 2504 extiterit
592 2437 833 2506 benedictionem
860 2439 965 2508 aDeo
988 2440 1080 2506 Patre
1106 2440 1138 2506 et
1159 2440 1293 2507 Domino
1315 2441 1416 2508 nostro
1435 2437 1504 2504 lesu

265 2552 395 2632 Christo
427 2554 458 2618 et
485 2551 601 2638 Spiritu
624 2552 735 2620 Sancto
757 2555 905 2638 paraclito
933 2555 1166 2639 inperpetuum
1190 2558 1395 2641 consequetur.
1429 2555 1504 2620 Bene
1602 2639 1603 2642 Ἴ

264 2667 370 2734 valea.
415 2669 532 2734 Datum
553 2687 633 2736 nono
655 2669 801 2736 kalendas
824 2669 942 2754 Aprilis
964 2672 1079 2738 Romae
1107 2690 1161 2754 per
1182 2689 1292 2738 manus
1315 2669 1439 2740 Jcauuis
1458 2669 1502 2736 lo·

264 2782 344 2849 uitae
366 2785 398 2850 et
420 2785 542 2851 sancta
564 2785 720 2852 Romam
741 2785 885 2853 ecclesiae
906 2785 1138 2854 bibliothecarii

352 2943 554 3030 Prisileginm
569 2943 680 3011 Calixti
703 2963 798 3030 papae
820 2945 985 3012 restituens
1008 2946 1215 3032 suffraganeos
1237 2947 1457 3031 archiepiscopo
1477 2945 1502 3010 ct

263 3059 406 3125 ecclesiae
429 3059 671 3127 &nannetensis
700 3061 731 3126 et
760 3061 863 3146 aliqua
893 3062 954 3128 alia
982 3063 1051 3127 iura
1078 3062 1264 3146 pertinentia
1293 3063 1332 3128 ad
1355 3061 1501 3128 ecclesiam

263 3173 438 3258 predictam.

352 3287 488 3356 Galixtus
510 3289 668 3374 episcopus
684 3311 788 3358 servus
812 3311 966 3360 servorum
981 3291 1040 3358 Dei
1062 3292 1229 3359 venerabili
1251 3293 1341 3359 fratri
1355 3291 1500 3360 Guallcrio

262 3405 505 3471 Rauennateusis
531 3404 675 3472 ecclesiae
697 3406 923 3492 archiepiscopo
953 3407 1077 3492 eiusque
1107 3408 1330 3475 successorihus
1360 3405 1500 3476 canonias

262 3519 483 3586 substituendis
513 3521 545 3586 in
567 3523 754 3606 perpetuum.
787 3522 855 3587 Etsi
878 3522 1035 3588 universae
1057 3543 1111 3607 per
1139 3523 1244 3589 orbem
1267 3523 1411 3589 ecclesiae
1433 3539 1500 3588 uuus

261 3636 417 3703 thalamus
440 3633 554 3702 Christi
575 3637 639 3703 sint
662 3639 768 3704 sancta
789 3639 894 3704 tamen
915 3639 1054 3705 Romana
1076 3639 1203 3705 ecclesia
1224 3639 1305 3704 inter
1327 3657 1431 3705 omnes
1452 3635 1499 3701 dc·

262 3750 375 3817 minica
397 3751 530 3818 obtinuit
544 3751 744 3836 dispositione
766 3753 950 3836 primatum3
972 3753 1142 3838 etquidem
1157 3754 1248 3820 multi
1264 3773 1354 3837 saepe
1368 3753 1499 3819 adversus

261 3884 328 3931 eam
351 3868 478 3933 mactus
502 3868 550 3934 sui
564 3867 726 3934 molimina
748 3867 945 3935 intenderunt
960 3869 1013 3936 sed
1030 3887 1106 3951 quae
1122 3870 1213 3953 caput
1227 3869 1375 3949 omnium,
1397 3871 1427 3935 et
1440 3883 1497 3932 ma·

260 3979 359 4065 gistra
381 3982 486 4048 celesti
508 3983 600 4050 buerit
614 3982 760 4050 beneficio
774 3983 919 4048 instituta
934 3983 1097 4068 dignitatis
1121 4001 1193 4050 suae
1215 4002 1275 4050 non
1291 3984 1393 4066 potuit
1413 3979 1496 4066 privi-

260 4095 340 4182 legio
362 4095 516 4177 denudari
546 4097 621 4163 olim
650 4097 782 4181 proferto
803 4099 1046 4166 Ravennatensis
1073 4098 1199 4165 ecclesia
1222 4099 1327 4164 contra
1356 4117 1423 4164 mm
1442 4092 1496 4160 cal·

260 4229 387 4277 cuneum
417 4211 537 4296 erigens
566 4214 683 4279 multas
711 4213 739 4279 ei
761 4214 985 4297 persecutiones
1013 4214 1120 4280 intulit
1143 4214 1233 4297 atque
1262 4211 1332 4278 aliis
1356 4206 1497 4280 nonnullis

259 4327 396 4392 ecclesiis
418 4327 551 4409 perversi
575 4327 729 4394 scismatis
757 4328 896 4395 fomitem
923 4329 1127 4410 ministravit,
1157 4348 1262 4396 uerum
1292 4329 1411 4408 amen,
1438 4339 1496 4390 cum

259 4437 379 4504 danus
401 4439 517 4521 placuit
538 4439 692 4506 maiestati
715 4441 754 4507 ad
777 4442 885 4507 matris
909 4462 981 4510 suae
1003 4445 1158 4510 Romanae
1188 4443 1332 4510 ecclesiae
1359 4441 1493 4509 umnam
