3192 4930
583 297 803 365 -73..

89 494 167 560 etum
187 492 317 560 nolimus
340 511 394 578 per
416 511 452 560 ea
476 493 566 559 rerba
588 491 689 560 notari
710 509 883 578 quenquam
904 493 958 577 qui
981 491 1022 558 sit
1043 491 1203 572 innocens,
1226 493 1257 558 et
1280 511 1317 558 ne

89 609 132 694 qui
143 609 257 676 laudem
271 609 374 695 petius
396 608 526 676 moritus
541 610 596 690 est,
619 609 842 676 accusationem
860 607 1008 688 incurrat,
1032 607 1120 694 plane
1136 607 1195 674 tibi
1218 607 1317 694 sigui-

90 724 198 792 ficanres
218 726 257 792 ab
279 725 337 791 hac
359 743 451 792 eausa
473 725 564 810 longe
579 725 729 792 remotum
753 743 819 792 esse
842 723 894 790 dil.
910 723 940 790 ti.
956 723 1091 790 nobilem
1107 725 1207 792 virum
1229 723 1317 790 Alei·

89 839 156 906 sium
176 839 300 908 Suessae
330 841 437 908 ducem
466 859 622 908 ersmreae
645 844 735 906 sere·
757 839 837 926 apud
859 858 914 906 uos
937 841 1099 908 oratorem:
1132 839 1185 926 qui
1206 839 1241 906 in
1262 839 1319 906 boo

91 957 142 1021 bio
168 975 265 1022 rerem
294 975 465 1042 progressu,
497 955 596 1023 mulla
625 975 695 1022 cum
724 954 903 1024 dexteritate
934 957 966 1022 et
988 955 1148 1041 prudentia
1176 956 1208 1022 et
1230 954 1319 1022 nobis

89 1090 191 1157 semper
212 1073 318 1152 suasit,
341 1091 418 1157 quae
440 1071 479 1138 ad
501 1071 593 1138 iidem
615 1073 647 1139 et
661 1071 795 1138 officium
819 1090 909 1138 ouum
930 1073 1016 1138 ratus
1038 1073 1086 1138 ost
1107 1071 1266 1156 pertinere,
1288 1073 1320 1138 et

88 1205 145 1252 cunr
165 1187 348 1273 intelligeret
370 1187 519 1273 optimam
541 1189 676 1255 menum
698 1189 836 1254 nostram
858 1206 931 1272 erga
954 1185 1122 1268 Caesarem,
1151 1187 1318 1254 necessita·

86 1303 191 1387 temque
212 1305 393 1389 temporum,
415 1322 492 1390 quae
506 1321 563 1370 nos
586 1303 625 1370 ad
639 1303 859 1389 procurandam
880 1305 1056 1369 nostrarum
1071 1323 1172 1370 rerum
1188 1301 1319 1369 salutm

86 1419 246 1503 impelleret,
276 1419 370 1486 mssit
392 1417 515 1504 quidem
543 1419 659 1486 insitus
682 1419 867 1498 necessitati,
899 1417 995 1486 animi
1023 1419 1126 1485 uuum
1148 1417 1247 1485 nostri
1267 1417 1318 1484 in·
1423 1483 1426 1488 Α

88 1533 248 1618 agnuam
269 1536 301 1601 et
329 1535 478 1620 pristinae
506 1535 540 1602 in
563 1533 722 1603 Caesarem
745 1535 912 1603 uoluntatis
941 1534 1154 1615 eorustantiam,
1184 1534 1264 1601 sieut
1285 1553 1321 1601 ea

86 1651 173 1716 estet
199 1649 258 1716 luit
288 1669 415 1734 semper,
447 1651 542 1717 talem
571 1651 637 1736 ipse
667 1651 808 1736 agnovit:
840 1651 925 1718 cuius
957 1668 1013 1717 noe
1044 1651 1267 1736 ingenuitatem
1289 1653 1320 1716 et

86 1765 304 1848 temperantiam
335 1765 440 1846 animi,
470 1765 519 1832 bis
549 1766 634 1832 duris
657 1769 689 1833 et
717 1766 894 1851 periculosis
924 1765 1112 1850 temporibus
1142 1765 1322 1833 confitemur

86 1879 161 1944 nobis
182 1880 276 1946 leuse
298 1879 417 1948 solatio.
457 1879 540 1963 Quae
562 1881 670 1949 iccirco
693 1881 847 1950 deuotioni
868 1884 938 1949 tuae
962 1881 1141 1968 scripsimus
1164 1883 1199 1948 ut
1220 1881 1320 1968 possis

86 1995 112 2058 et
130 1993 241 2076 debona
263 1996 318 2062 ubi
339 1995 432 2063 inerit
446 2016 530 2082 opus,
559 1997 630 2064 dare
653 1997 792 2064 veniatis
815 1999 846 2064 et
867 1996 959 2064 buius
982 1997 1018 2064 de
1041 2015 1075 2064 ee
1098 1995 1203 2063 iudicii
1223 1996 1322 2063 nestri

86 2107 195 2176 firmum
221 2111 370 2197 fideleque
399 2111 624 2195 testimenium,
654 2112 734 2199 quod
762 2112 845 2180 idem
874 2113 912 2180 de
941 2112 1052 2180 dileeto
1081 2112 1158 2179 item
1187 2111 1251 2178 lilio
1272 2111 1321 2178 Jo.

85 2221 282 2294 Bartholomeo
304 2227 343 2294 de
360 2225 533 2294 Gallinaria
555 2229 695 2296 uolumus
710 2227 852 2316 intedigi
882 2229 999 2296 Datum
1013 2229 1128 2296 Romae
1150 2227 1199 2294 die
1214 2227 1245 2294 ii
1261 2227 1320 2294 Fe·

86 2338 185 2410 bruarii
205 2342 324 2410 mdrxv.
371 2343 459 2410 alno
482 2344 620 2412 secundo.

672 2605 724 2672 51.

486 2770 666 2832 Cardinall
688 2771 910 2844 Moguntlno.

161 2923 275 2992 Dilecta
298 2923 346 2990 fili
367 2925 470 2991 noster
491 2927 547 2992 etc.
593 2923 803 3010 Superioribus
819 2923 925 2991 diebus
940 2944 1010 2991 cum
1033 2924 1069 2990 de
1084 2925 1221 2992 tumultu
1242 2924 1319 2991 civi-

84 3039 149 3104 tatis
170 3040 441 3127 lingdeburgensis
464 3059 499 3108 ae
514 3041 551 3108 de
566 3041 730 3127 impiorum
745 3041 951 3108 Luthsranam
973 3042 1092 3126 pestem
1105 3041 1140 3107 in
1154 3059 1188 3108 eo
1210 3041 1320 3126 popule

85 3158 279 3238 spargentium
302 3157 441 3238 lundene,
464 3156 504 3222 ad
525 3176 581 3224 nos
604 3160 686 3223 esset
708 3159 845 3238 allatum,
874 3176 936 3224 non
958 3158 1140 3226 mediocrem
1162 3157 1195 3224 in
1217 3157 1319 3224 animo

84 3271 176 3336 nostre
204 3273 396 3357 concepimus
426 3272 575 3340 delerem:
605 3291 677 3338 nam
707 3275 738 3341 et
760 3294 814 3358 pro
837 3293 908 3340 eura
937 3276 1027 3360 atque
1057 3272 1195 3340 custodia
1222 3273 1320 3339 nostri

84 3381 177 3452 dilecti
203 3390 314 3475 gregis,
344 3409 435 3473 quem
466 3389 678 3456 ubuculenta
705 3391 847 3475 luporum
876 3390 960 3458 rabie
988 3390 1171 3457 incolumem
1202 3409 1319 3456 seruare

84 3517 136 3566 nou
162 3505 332 3586 poteramus
362 3504 527 3571 admodum
557 3506 649 3572 mesti
676 3505 862 3591 sollicitique
890 3506 1014 3586 fuimus,
1044 3509 1075 3574 et
1104 3507 1174 3574 tuae
1203 3525 1320 3592 queque

84 3614 218 3700 dignitati
238 3640 273 3688 ae
302 3623 356 3687 tue
377 3619 486 3688 honeri
514 3621 569 3686 ille
599 3622 688 3688 modo
719 3621 846 3700 detrahi,
876 3641 929 3706 pre
959 3626 1064 3689 nostra
1086 3623 1119 3690 in
1141 3625 1171 3691 te
1194 3625 1320 3709 patema

84 3731 278 3803 beneuolentia
300 3756 390 3823 aegre
412 3737 551 3818 tulimus,
575 3737 753 3806 videbamus
776 3739 869 3806 etiam
899 3741 1072 3825 exemplum
1094 3739 1127 3807 in
1149 3759 1184 3807 ea
1206 3760 1239 3806 re
1262 3741 1321 3807 toti

84 3845 252 3918 Germaniae
274 3872 309 3918 ae
339 3853 535 3937 principibus,
564 3853 776 3939 nobilibusque
805 3856 993 3939 praesertim,
1022 3855 1225 3941 perniciosum
1247 3875 1319 3941 pre-

85 3963 154 4042 forti,
176 3965 203 4032 si
224 3967 382 4053 imperitae
403 3969 508 4054 plebes
530 3970 586 4035 illa
609 3970 725 4036 rationo
749 3971 913 4038 subducere
937 3991 968 4038 se
991 3991 1010 4036 a
1032 3973 1221 4058 superiorum
1244 3973 1316 4038 obe·

83 4075 196 4162 dientin,
216 4085 248 4148 et
268 4085 405 4151 ordinem
427 4103 550 4152 omnem
565 4085 817 4172 disciplinamque
839 4087 920 4154 vitae
941 4088 1064 4155 turbare
1087 4090 1118 4154 et
1140 4087 1320 4154 confundere

84 4199 265 4276 commutor,
296 4220 371 4284 quae
400 4219 472 4267 cum
501 4201 604 4268 emnia
627 4201 734 4286 grauia
765 4204 853 4268 nobis
883 4205 915 4270 et
936 4203 1012 4269 dura
1035 4203 1222 4280 ridebantur,
1253 4203 1320 4268 urm

85 4308 153 4378 nibil
174 4312 278 4380 durius
293 4335 384 4400 quam
402 4314 482 4402 quod
505 4336 574 4382 eum
597 4317 683 4384 tanto
699 4317 871 4384 animarum
894 4318 1031 4385 fidelium
1046 4316 1237 4398 detrimento,
1259 4317 1321 4384 ista

84 4424 162 4492 uobis
183 4428 362 4498 emersere
383 4435 415 4500 et
437 4431 639 4502 dssoctisdum
668 4432 752 4500 natio
780 4431 911 4508 invictae
939 4431 1121 4510 domuum
1151 4433 1246 4506 uotis
1268 4435 1319 4501 in·
