3152 4902
578 351 803 420 ..95-

74 549 163 632 Quam
185 554 220 619 nt
243 551 361 636 petiisti
383 550 494 617 dilecto
516 549 546 616 fr.
562 547 722 615 Melcbiori
744 546 889 614 adversus
911 548 1051 614 absentes
1075 549 1106 614 et
1127 549 1316 615 Luthemnos

73 669 236 746 tribuimus,
260 687 294 732 ac
309 666 346 734 de
361 667 452 733 certis
475 664 630 732 beneficiis
645 663 859 730 ecclesiasticis
881 662 913 728 id
928 663 986 728 tibi
1001 664 1213 744 concessimus,
1236 665 1316 749 quod

73 785 162 850 risum
185 785 234 850 000
256 782 344 850 nobis
367 783 452 848 saiva
467 781 587 847 iustitia
609 781 640 846 00
662 779 820 846 honestate
843 779 905 844 tuis
920 798 1008 863 posse
1031 780 1198 846 concedere.
1229 777 1316 861 Quod

73 899 96 963 ei
116 899 147 964 10
167 901 326 983 postemm
348 896 497 982 quomodo
519 916 567 962 res
591 915 623 962 se
645 895 717 962 illae
739 895 872 960 habeant
894 895 1019 961 iuridice
1041 897 1072 961 et
1094 896 1232 980 legitime
1254 895 1315 960 eri-

73 1034 134 1078 mus
154 1013 263 1094 edocti,
285 1013 438 1097 intelliget
460 1013 568 1079 nobee
584 1014 683 1078 tuaet
699 1011 812 1095 reipsa
834 1011 1002 1094 experietur
1018 1030 1171 1077 summam
1195 1031 1211 1076 0
1228 1011 1316 1077 nobis

72 1130 167 1195 baberi
197 1131 230 1195 in
253 1129 342 1194 robus
372 1127 514 1195 omnibus
543 1130 575 1194 et
596 1127 720 1193 uirtutis
749 1127 781 1191 00
802 1126 965 1212 dignitatis
995 1128 1026 1192 et
1048 1127 1216 1192 voluntatis
1245 1129 1315 1192 tuae

72 1245 222 1311 rationem.

151 1360 269 1425 Datum
292 1358 407 1424 Rornae
428 1357 477 1425 die
499 1378 545 1425 rur
568 1357 726 1424 Februarii
748 1357 866 1424 nidmu.
911 1357 1000 1424 Anno
1024 1359 1162 1425 secundo.

593 1697 595 1702 Δ
665 1617 717 1683 65.

485 1784 665 1858 Episcopo
687 1782 898 1843 Brixinensi.

154 1938 345 2006 Venerabilis
369 1937 471 2004 frater.
517 1937 584 2003 11001
607 1937 802 2023 quodcunque
832 1939 920 2004 nobis
943 1941 974 2004 et
997 1937 1125 2005 Sanctae
1149 1937 1219 2006 Sedi
1242 1958 1316 2025 apo·

72 2055 188 2120 stelione
210 2054 374 2120 consilium
404 2054 560 2137 capiamus
589 2053 680 2120 modo
702 2053 734 2119 id
757 2055 873 2118 rectum
896 2055 1070 2138 iustumque
1093 2055 1143 2134 sit,
1172 2056 1317 2121 debemus

73 2171 118 2235 uni
140 2171 202 2236 Deo
225 2170 363 2235 omniurn
378 2188 502 2253 operum
526 2171 557 2234 et
579 2167 715 2233 cordium
738 2168 901 2252 inspectori
924 2189 958 2235 ac
973 2170 1174 2236 conscientiae
1197 2173 1317 2236 nostrae

71 2285 268 2368 acquiescer03
299 2287 419 2362 tomen,
452 2305 490 2351 ne
522 2283 701 2368 quandoque
731 2285 853 2350 vocibus
885 2287 1120 2351 obtrectantium
1153 2305 1229 2371 quae
1261 2307 1316 2371 op-

71 2400 271 2468 timoratione
293 2400 375 2465 facta
398 2399 524 2466 suntin
547 2399 725 2466 deteriorem
747 2401 867 2482 partem
890 2399 1132 2485 detorqueantur,
1154 2403 1202 2467 cst
1223 2402 1317 2468 001000
1371 2389 1373 2402 '

71 2516 137 2581 boni
159 2516 316 2600 pontificis
340 2517 489 2599 quantum
512 2515 541 2581 01
562 2516 669 2581 datum
691 2518 748 2592 est,
771 2515 941 2600 providere:
965 2535 1035 2582 cum
1057 2536 1129 2602 ergo
1153 2517 1316 2601 superiori·

71 2631 122 2696 bne
144 2631 249 2699 diebus
267 2630 500 2697 conventionem
523 2649 592 2695 cum
609 2629 865 2696 christianissimo
888 2649 958 2714 rege
973 2630 1133 2698 fecerimus
1156 2634 1191 2697 ut
1213 2635 1318 2698 neruter

71 2749 201 2812 00000000
224 2746 315 2812 alteri
339 2747 404 2811 ulla
426 2747 460 2811 in
482 2766 514 2812 re
535 2764 642 2811 nocere
663 2745 800 2822 deberet;
823 2746 855 2812 in
878 2766 938 2830 qna
960 2746 1126 2811 adiecimus
1148 2748 1243 2813 etiam
1261 2768 1317 2814 no-

72 2865 162 2928 stram
184 2863 372 2948 sinprlamm
395 2880 470 2946 erga
495 2877 615 2928 000.01110
631 2859 791 2927 Caesarem
815 2861 1057 2927 benevolentiam
1079 2865 1111 2928 et
1133 2882 1224 2947 quam
1247 2883 1316 2928 curn

72 2975 120 3042 ilio
148 2977 295 3043 babemus
327 2995 465 3042 summae
499 2976 721 3043 coniunctionis
751 2976 928 3043 societatem
956 2977 1038 3043 nolle
1067 2997 1122 3043 nos
1144 2997 1222 3044 nova
1244 2998 1316 3044 con-

72 3091 215 3159 iunctione
237 3093 302 3158 0110
325 3112 361 3158 00
383 3093 473 3176 parte
502 3112 570 3158 esse
591 3091 785 3170 diminutam,
816 3091 994 3176 scripsimus
1017 3092 1056 3158 ad
1078 3093 1131 3160 dil.
1154 3095 1183 3159 ii.
1208 3095 1316 3160 Hiero·

73 3207 182 3274 0100000
197 3207 361 3274 Borarium
377 3225 561 3292 causamque
576 3207 668 3273 buius
690 3208 788 3274 nostri
811 3207 931 3273 consilii
945 3209 993 3274 001
1008 3209 1200 3274 necessitatis
1219 3211 1319 3293 potius

73 3321 116 3388 illi
136 3323 390 3408 significavimus3
413 3323 451 3389 de
473 3341 534 3408 qua
556 3323 623 3390 etsi
643 3323 856 3389 existimamus
871 3321 1095 3389 fraternitatem
1118 3324 1203 3389 tuam
1227 3327 1265 3390 ab
1284 3345 1319 3391 eo

73 3435 159 3504 101000
180 3439 327 3518 edoctam,
350 3440 455 3504 tamen
469 3456 566 3523 pauca
589 3438 648 3505 bec
671 3437 823 3504 voluimus
846 3436 905 3504 tibi
919 3437 1014 3504 etiam
1036 3438 1213 3507 adscnbere.
1237 3439 1319 3506 Nam

75 3552 301 3620 sinmtralitas
331 3553 366 3619 in
388 3572 459 3621 uero
489 3554 521 3620 et
544 3555 624 3620 bono
652 3553 795 3637 pontifice
823 3553 995 3637 requiritur,
1023 3556 1146 3639 propter
1175 3575 1267 3640 quam
1289 3558 1321 3622 00

75 3669 201 3736 omniurn
222 3667 395 3736 communis
417 3669 505 3752 pater
527 3669 569 3734 sit
586 3670 617 3734 et
639 3668 678 3734 ad
700 3668 893 3735 mactandam
916 3687 951 3735 ac
973 3671 1193 3753 procurandam
1215 3691 1320 3756 pacem

76 3785 165 3866 aptior
186 3785 350 3861 efficiatum
380 3784 436 3849 1110
458 3784 527 3868 ipsa
558 3784 739 3850 neutralitas
762 3803 817 3851 nos
846 3784 947 3867 coegit
969 3785 1004 3849 ut
1025 3784 1064 3850 ad
1087 3787 1166 3852 banc
1188 3806 1319 3853 conven-

76 3898 179 3965 tionem
201 3920 270 3966 cum
285 3901 470 3966 Francomm
494 3917 565 3984 rege
587 3899 780 3975 economum
804 3919 875 3965 curn
890 3899 973 3966 enim
996 3900 1023 3965 is
1039 3903 1158 3983 partem
1173 3903 1320 3968 exercitus

77 4014 120 4077 sui
146 4035 196 4098 per
223 4017 343 4080 nostros
373 4016 404 4080 00
434 4012 464 4080 S.
495 4015 531 4081 R.
563 4017 596 4082 Ε.
628 4017 731 4081 000000
761 4015 884 4080 mittere
914 4015 1099 4082 destinasset
1122 4018 1160 4082 ad
1193 4038 1320 4104 regnum

77 4130 292 4212 neapolitanum
315 4130 507 4211 tentandum,
538 4133 591 4196 aut
613 4149 700 4196 arma
723 4131 811 4196 nobis
838 4131 984 4215 capienda
1007 4133 1129 4197 fuerunt
1158 4135 1193 4197 ut
1214 4133 1319 4216 probi-

77 4243 205 4310 beremus
226 4244 408 4322 transitum3
432 4245 511 4329 quod
535 4245 562 4310 si
585 4245 763 4311 fecissemus
793 4246 939 4312 continuo
962 4249 993 4311 et
1015 4265 1137 4312 ornnem
1160 4247 1235 4312 belii
1258 4247 1320 4315 vim

77 4361 170 4426 000000
206 4379 261 4426 000
292 4361 546 4426 000000010000000
579 4363 610 4426 00
641 4362 873 4427 neutralitatem
911 4361 1128 4427 abiecissemus
1165 4362 1322 4448 affectique

78 4471 227 4539 brisscmus
251 4475 324 4540 belli
348 4476 423 4540 socii
444 4494 504 4540 non
527 4475 611 4559 pacis
628 4475 819 4554 mediatores,
848 4479 901 4540 aut
925 4477 1068 4541 standum
1087 4476 1211 4543 illorum
1234 4480 1321 4546 tran-
