3192 4930
756 307 977 382 „15-

241 512 422 578 anctoritate
451 512 483 578 et
510 510 672 596 prudentia
701 511 841 595 publicae
871 510 965 578 saluti
993 509 1088 576 totius
1112 506 1295 576 Germaniae
1317 508 1420 575 favere
1440 503 1490 576 in·

240 629 402 709 tellereris,
425 627 689 712 circumspectioni
703 628 774 694 tuae
788 627 988 712 iniungimus,
1011 626 1239 711 rationibusque
1254 625 1397 691 omnibus
1411 625 1492 690 ultro

241 747 273 812 et
294 746 370 810 citro
393 743 493 823 dictis,
517 744 545 810 si
566 744 626 809 tibi
647 743 693 808 ita
707 743 846 810 uocatur
869 743 907 808 ad
929 761 986 810 nos
1008 743 1130 822 resonae,
1152 757 1208 807 nos
1230 741 1313 808 enim
1328 739 1368 806 ad
1390 741 1492 806 omnia

242 861 371 926 honesta
403 860 434 926 et
464 859 612 925 salutaria
640 859 769 925 consilia
795 859 986 926 voluntatem
1016 875 1143 924 manum
1173 855 1438 924 accomodabimns
1462 857 1492 921 et

241 976 465 1043 auctoritatem:
497 975 576 1060 quod
606 975 634 1042 si
666 975 731 1041 sine
761 974 861 1059 aliquo
890 975 979 1058 graui
1012 975 1098 1040 motu
1128 993 1181 1057 per
1214 972 1389 1058 generalem
1419 990 1491 1056 ger-

242 1092 362 1159 maniae
376 1093 558 1157 mouentum
572 1091 730 1174 providere
744 1091 815 1156 huic
830 1089 1039 1156 reformationi
1053 1109 1115 1156 non
1128 1107 1219 1174 posse
1232 1087 1363 1155 adera:
1378 1086 1492 1170 poteris

241 1209 276 1274 tu
299 1209 326 1274 si
348 1208 394 1273 ita
416 1207 576 1291 expediens
604 1206 697 1272 fuerit
719 1207 750 1271 at
771 1225 825 1291 per
847 1207 879 1270 ta
900 1206 940 1271 et
953 1223 1008 1290 per
1029 1205 1151 1272 eosdem
1178 1204 1310 1289 optimos
1340 1200 1493 1286 principes

242 1325 295 1409 qui
322 1323 380 1390 hoc
409 1324 517 1406 optant
545 1322 730 1404 iudicatum,
761 1323 960 1408 particulares
989 1321 1088 1388 facere
1118 1319 1358 1398 reformationes,
1390 1319 1423 1383 et
1454 1315 1493 1381 ad

241 1439 479 1524 postulationem
508 1439 688 1524 populorum
720 1437 773 1523 qui
794 1437 831 1504 de
861 1437 934 1504 cleri
962 1437 1084 1504 iniuriis
1106 1436 1263 1522 conquesti
1291 1435 1414 1514 luerint,
1437 1433 1493 1499 ad·

241 1555 409 1640 libitisque
430 1555 533 1620 tecum
548 1574 600 1620 sex
615 1556 668 1620 ant
691 1555 757 1620 octo
772 1554 948 1638 germaniae
970 1551 1116 1639 praelatis
1131 1551 1309 1618 correctioni
1323 1549 1493 1616 intendere:

242 1687 298 1736 nos
329 1671 361 1736 et
387 1671 441 1735 tua
471 1669 633 1754 prudentia
664 1671 755 1754 atque
794 1669 931 1736 doctrina
960 1669 1128 1753 plurimum
1157 1665 1339 1734 confidimus
1367 1667 1400 1731 et
1428 1665 1493 1730 illie

242 1786 364 1872 agimus
379 1785 567 1871 principibus
581 1786 699 1871 gratias
714 1803 843 1870 quorum
864 1787 899 1850 tu
918 1786 1059 1851 sanctum
1080 1783 1270 1868 propositum
1285 1781 1493 1866 optimamque

242 1903 432 1968 voluntatem
454 1901 494 1967 ad
514 1920 571 1968 nos
592 1899 807 1986 perscripsisti
829 1901 1013 1984 illorumque
1034 1899 1160 1966 nomina
1184 1896 1364 1986 (nonenim
1385 1915 1441 1980 per
1463 1899 1494 1963 te

244 2016 358 2102 scripta
380 2014 465 2104 sunt)
490 2035 615 2084 aremus
637 2016 825 2100 intelligere:
848 2033 907 2100 quo
930 2033 1069 2080 amamus
1084 2013 1179 2080 etiam
1201 2013 1302 2098 magis
1325 2032 1401 2098 quos
1424 2029 1494 2078 ma·

243 2151 374 2217 gnopere
397 2131 566 2216 diligimus.
611 2131 658 2197 'lu
681 2133 772 2216 atque
793 2131 843 2196 illi
864 2131 967 2196 iuncto
996 2149 1067 2197 cum
1088 2130 1246 2196 uoluntate
1274 2129 1354 2194 bona
1376 2127 1494 2212 optimo

241 2249 336 2313 etiam
358 2248 494 2327 oonsilio,
523 2266 600 2332 quaa
622 2246 661 2312 ad
684 2247 816 2312 salutem
844 2248 876 2311 et
897 2265 1003 2330 pacem
1033 2243 1216 2312 Germaniae
1236 2244 1441 2328 pertinebunt,
1464 2244 1496 2308 et

242 2364 344 2429 vestra
372 2363 486 2428 virtute
515 2382 550 2428 ac
579 2361 740 2446 diligentia
768 2361 978 2445 procurabitis,
1008 2364 1039 2427 st
1070 2362 1158 2427 nobis
1186 2362 1259 2426 nota
1286 2359 1410 2425 reddere
1432 2377 1495 2424 non

242 2481 440 2563 postponatis.
485 2480 602 2545 Datum
617 2479 732 2544 Romae
754 2479 811 2543 etc.
834 2478 1061 2562 decimaquarta
1075 2477 1191 2562 Aprilis
1214 2475 1359 2542 mduriiii.
1405 2475 1496 2540 Anno

242 2613 348 2679 primo.

847 2791 896 2858 13.

668 2936 847 2998 Cardlnali
870 2935 1074 3012 Campegto.

331 3091 450 3158 Dilecta
472 3091 535 3158 Fili
556 3093 658 3157 noster
681 3092 736 3158 eto.
769 3089 900 3156 Gratum
922 3090 1010 3157 nobis
1034 3089 1198 3156 admodum
1220 3088 1280 3155 luit
1302 3107 1338 3155 er
1360 3085 1494 3153 circum-

243 3209 407 3294 spectionis
430 3209 500 3275 tuae
522 3207 635 3274 litteris
651 3207 824 3291 intelligere
844 3207 994 3290 postulari
1016 3226 1034 3272 a
1057 3209 1088 3272 te
1109 3225 1162 3290 per
1184 3203 1417 3288 conprincipes
1442 3201 1497 3285 qui

242 3326 275 3392 iu
303 3325 364 3390 isto
387 3325 537 3390 conventu
560 3321 742 3388 Germaniae
772 3321 950 3406 congregati
979 3320 1092 3407 sunu),
1123 3323 1154 3386 et
1183 3338 1312 3404 qnorum
1341 3316 1439 3382 virtus
1463 3319 1497 3380 at

242 3440 388 3508 nobilitas
411 3439 545 3506 maxims
565 3438 705 3523 publicae
721 3437 815 3503 saluti
835 3437 955 3502 intenta
978 3437 1034 3515 est,
1057 3437 1092 3500 ut
1107 3434 1145 3500 ad
1164 3432 1371 3500 reformandos
1393 3451 1497 3498 mores

243 3557 317 3622 cleri
340 3553 521 3622 Germaniae
544 3553 656 3637 aliquis
678 3552 843 3619 conuentus
872 3551 1039 3632 indicatur,
1061 3549 1094 3616 in
1117 3568 1175 3635 quo
1197 3552 1231 3614 tu
1254 3549 1364 3615 debeas
1387 3548 1496 3612 aucto-

242 3673 333 3738 ritate
356 3671 474 3737 stoice
496 3672 601 3736 nostra
629 3667 808 3752 praesidere.
854 3667 937 3732 Haec
960 3667 1043 3733 enim
1072 3665 1179 3750 petitio
1202 3667 1234 3732 et
1262 3665 1386 3730 illorum
1409 3663 1495 3745 opti-

243 3808 326 3854 mam
349 3785 538 3853 voluntatem
561 3803 684 3870 prorsus
706 3784 794 3850 nobis
809 3783 933 3862 indicat,
956 3785 988 3849 et
1009 3802 1075 3848 rem
1097 3781 1234 3866 postrlat
1248 3782 1284 3846 ut
1306 3779 1496 3846 arbitramur

243 3902 423 3979 salutarem
446 3920 516 3967 cum
538 3901 727 3986 pracsertim,
751 3899 789 3965 ad
811 3920 882 3965 eum
904 3917 1021 3984 quoque
1036 3899 1130 3963 finem
1152 3897 1340 3976 instituatur,
1363 3895 1399 3960 ut
1414 3893 1496 3960 scie-

243 4019 425 4085 maticorum
448 4019 480 4084 et
501 4036 593 4101 prave
616 4013 814 4082 sentientium
837 4013 960 4081 omnino
976 4011 1177 4080 contundatur
1198 4012 1354 4097 iniquitas,
1378 4028 1500 4094 parque

243 4137 274 4200 et
296 4133 514 4219 tranquillitas,
539 4129 585 4219 (id
607 4131 687 4216 quod
709 4149 765 4197 noe
787 4129 920 4196 maxime
935 4127 1119 4215 expetimus)
1144 4129 1202 4195 toti
1218 4125 1400 4194 Germaniae
1422 4123 1498 4190 red-

243 4248 341 4316 datur.
394 4245 598 4329 Quamobrem
633 4266 703 4313 cunr
732 4245 832 4312 omnis
860 4245 1001 4312 ordinum
1030 4243 1305 4312 ecclesiasticorum
1341 4239 1500 4320 correctio,

338 4461 356 4526 Ι)
374 4465 401 4511 ln
414 4465 528 4512 conventa
540 4463 630 4510 scillcet
642 4461 834 4519 lloreurbersscnsl
853 4463 881 4510 de
897 4475 942 4521 quo
960 4464 1039 4512 tamen
1052 4463 1147 4510 nlmiaru
1165 4473 1229 4522 rpem
1242 4459 1346 4510 Glemona
1365 4461 1500 4518 acceperat.
