3192 4930
788 297 1012 364 ..64-

271 507 347 574 argu
370 509 402 556 se
424 491 613 558 voluntatem
635 493 829 576 praecipuam
858 494 889 558 et
917 492 1041 558 charam
1064 491 1184 570 heber,
1207 511 1342 577 quosque
1370 493 1506 575 intelligat

271 605 434 690 pmdentia
456 625 491 672 ac
519 607 655 674 bonitate
685 609 717 674 ct
739 607 778 673 ad
801 609 962 674 veritatem
992 607 1217 691 percipiendam
1249 609 1373 675 idoneos
1395 613 1426 675 et
1445 607 1505 673 recti

273 723 365 804 atque
388 721 476 805 aequi
499 740 566 788 csso
588 721 729 788 fautores.
782 721 860 788 Cum
882 723 978 807 igitur
1000 741 1054 808 par
1076 724 1131 789 hos
1164 723 1228 789 dias
1251 725 1384 790 evenerit
1412 727 1444 788 ut
1462 743 1506 787 uos

272 834 326 920 qui
348 837 507 902 carissimo
529 837 563 903 in
586 835 708 903 Christo
739 838 802 903 lilio
825 841 928 904 nostro
951 837 1061 904 Carolo
1090 838 1185 904 electo
1208 839 1384 923 imperaturi
1406 856 1507 922 semper
1583 869 1584 900 r

272 955 404 1035 augusto
420 952 464 1018 ita
480 952 633 1018 coniuncti
648 971 750 1018 amore
764 953 901 1020 amicitie
916 954 1053 1020 omnium
1075 972 1152 1037 pene
1171 955 1366 1020 consiliorum
1383 954 1507 1020 societte

274 1087 390 1146 sumus,
414 1068 448 1132 ut
462 1069 600 1133 nostram
616 1068 649 1133 in
671 1067 761 1134 illurn
783 1068 1007 1135 inflammatam
1030 1068 1270 1136 benevolentiam
1294 1071 1359 1135 sola
1374 1089 1451 1136 mors
1464 1087 1506 1134 er-

272 1182 407 1248 tinctura
436 1202 502 1248 osse
524 1181 677 1259 viduatum
707 1184 802 1250 etiam
833 1203 903 1250 oum
932 1184 1090 1250 carissimo
1119 1183 1296 1253 inebriato
1327 1185 1392 1251 filio
1420 1185 1507 1250 nostro

274 1297 435 1364 Francisco
450 1317 521 1382 roge
531 1299 715 1364 Francorum
731 1298 988 1365 christianissimo
997 1299 1238 1366 coniunctionem
1247 1299 1422 1376 fecerimus3
1437 1298 1508 1364 cuius

273 1415 339 1478 tota
361 1413 408 1480 vis
430 1415 521 1498 atque
545 1413 696 1479 sententia
717 1413 751 1480 in
766 1434 800 1480 eo
823 1415 923 1498 posita
946 1415 994 1480 est
1017 1417 1050 1480 ut
1074 1417 1178 1481 neuter
1199 1418 1339 1482 nostrum
1363 1416 1448 1482 alteri
1467 1415 1507 1478 in·

271 1527 383 1594 iuriam
406 1528 590 1594 damnumve
612 1529 724 1595 inferat
746 1532 801 1595 aut
822 1531 886 1596 ulla
908 1530 941 1594 in
964 1549 994 1594 re
1017 1531 1137 1596 noceat:
1168 1531 1257 1596 crunt
1279 1531 1408 1597 fortasse
1429 1529 1509 1612 aliqui

272 1641 333 1726 qui,
362 1662 433 1709 curu
455 1642 635 1710 inimicitiae
664 1646 695 1710 et
724 1645 842 1711 bellum
869 1645 950 1712 inter
980 1643 1140 1712 Caesarem
1170 1647 1201 1710 et
1229 1665 1331 1730 regom
1356 1646 1509 1730 predictum

274 1757 346 1834 sint,
368 1757 402 1823 in
424 1756 645 1825 dubitationem
670 1759 795 1825 veniant
817 1762 964 1845 tanquam
988 1759 1190 1827 mutationem
1206 1761 1400 1828 consiliorum
1423 1765 1452 1826 et
1466 1779 1508 1824 vo·

272 1872 402 1939 luntatis
424 1872 457 1938 in
480 1873 568 1939 nobis
592 1873 792 1958 suspicantes,
823 1895 915 1960 quam
940 1875 1152 1960 suspicionem,
1182 1877 1291 1962 siqua
1321 1877 1398 1944 forte
1419 1878 1509 1942 oborta

272 1988 322 2067 sit
345 1988 486 2055 volumus
509 1989 589 2073 apud
612 2008 666 2055 vos
688 1990 812 2070 diluere,
844 1991 871 2056 si
892 2009 962 2058 vere
985 1992 1016 2058 et
1039 1993 1118 2058 recte
1141 1992 1172 2057 et
1194 2011 1264 2058 oum
1286 1992 1351 2058 Deo
1373 1993 1405 2058 id
1428 1993 1510 2058 lacere

271 2121 443 2188 possumus,
466 2104 642 2170 nobilitates
665 2107 697 2171 ot
711 2105 885 2172 devotiones
901 2107 1019 2174 vestras
1035 2107 1201 2186 hortantes,
1223 2110 1259 2173 ut
1280 2109 1399 2174 animos
1414 2123 1511 2190 aequos

273 2219 305 2284 et
326 2218 579 2302 scessesprebsant
601 2220 731 2287 veritati.
762 2220 828 2288 Nos
844 2221 935 2300 enim,
956 2241 1028 2288 eum
1044 2223 1082 2287 ab
1104 2221 1193 2288 initio
1208 2223 1404 2306 pontificatus
1419 2220 1512 2288 nossa.

271 2334 481 2419 intelligentes
504 2354 597 2418 quam
620 2355 782 2420 personam
812 2337 900 2403 nobis
923 2338 1007 2403 Deus
1038 2337 1236 2422 imposuisset
1256 2339 1288 2404 et
1309 2339 1419 2423 quibus
1441 2341 1510 2403 tam-

271 2449 394 2534 poribus
424 2449 642 2534 perdlficilibus
672 2455 763 2536 utque
793 2453 925 2518 turbatis
956 2472 1011 2519 nos
1034 2452 1073 2519 ad
1095 2453 1259 2538 regendam
1283 2457 1421 2520 sanctam
1435 2471 1512 2520 suum

270 2565 438 2632 Ecclesiam
454 2567 599 2646 vocasset
623 2585 658 2632 ea
673 2585 763 2651 agere
786 2567 890 2634 omnia
911 2586 989 2652 quae
1003 2567 1099 2652 ipsius
1123 2567 1244 2634 divinae
1258 2568 1414 2634 maiestati
1435 2569 1513 2652 grata

272 2675 338 2748 essa
353 2684 477 2765 possent
492 2681 742 2762 instituissemus,
765 2683 959 2767 deposuimus
974 2701 1097 2767 prorsus
1112 2702 1147 2749 ex
1163 2683 1266 2750 animo
1289 2685 1404 2750 veteres
1419 2699 1513 2749 omnes

272 2795 451 2863 inimicitias
466 2795 594 2880 odisque
616 2797 747 2880 pristina
761 2799 793 2864 ct
815 2798 896 2863 rixas
919 2799 950 2864 et
965 2816 1119 2864 armorum
1143 2797 1279 2865 studium
1294 2799 1416 2882 penitus
1437 2796 1514 2862 abia·

273 2913 380 2992 cimus,
410 2911 596 2996 servatisque
625 2911 786 2992 federibus,
816 2914 902 2980 illius
925 2913 1151 2982 benevolentiae
1179 2933 1239 2998 qua
1267 2914 1365 2998 ipsius
1388 2911 1516 2980 Cameris

273 3026 332 3093 toti
361 3045 476 3105 sumus,
505 3027 620 3093 bellum
650 3030 754 3094 tamen
783 3030 874 3113 atquo
900 3047 986 3094 arma
1014 3029 1169 3094 noluimus
1197 3027 1331 3112 amplius
1360 3027 1439 3113 apud
1467 3044 1516 3093 nos

274 3142 390 3228 vigera:
421 3141 473 3208 sed
502 3142 591 3226 aequi
619 3143 717 3225 patris
746 3146 776 3208 et
798 3143 871 3208 boni
901 3144 1041 3226 pastoris,
1072 3144 1152 3209 sicut
1180 3143 1291 3210 vicario
1314 3143 1428 3209 bbristi
1449 3161 1516 3208 eon·

274 3258 422 3336 veniebat
444 3257 521 3341 ipsis
544 3258 638 3322 etiam
660 3255 788 3324 Caesare
810 3260 842 3323 et
864 3258 1058 3324 serenissimo
1080 3277 1151 3343 rege
1173 3258 1304 3342 Angliaa
1327 3257 1516 3342 approbanti·

273 3375 339 3452 bus,
362 3392 490 3458 persona
513 3375 661 3459 suscepta,
691 3393 780 3440 omne
803 3377 941 3440 nostrum
964 3373 1109 3454 studium,
1133 3393 1255 3440 omnam
1277 3373 1518 3441 eucraticum.
1585 3399 1586 3412 ¹

274 3489 468 3574 vigilantiam
490 3489 703 3555 auctoritatem
718 3489 757 3554 ad
781 3489 966 3556 suadendam
982 3488 1199 3556 obsecrandam
1222 3490 1253 3555 et
1268 3488 1411 3555 omnibus
1425 3487 1518 3554 modis

274 3604 494 3670 conciliandam
517 3623 622 3689 pacem
645 3605 839 3683 contulimus,
863 3623 955 3688 quam
978 3604 1072 3670 etiarn
1102 3605 1168 3670 sine
1190 3603 1247 3670 tali
1269 3623 1397 3688 persona
1425 3603 1518 3668 medin

273 3721 306 3787 st
327 3719 447 3804 aequali
469 3738 530 3786 non
552 3722 726 3804 poteramus
749 3722 888 3798 tractare,
911 3719 944 3786 in
968 3739 1028 3804 qua
1051 3720 1350 3803 tractationemque
1373 3718 1520 3803 impendio

274 3835 332 3901 ulli
354 3835 544 3920 pepercimus
566 3854 662 3918 neque
693 3835 798 3901 labori.
851 3833 912 3901 Sed
934 3855 1002 3901 cum
1033 3836 1137 3901 nostra
1161 3853 1216 3900 vox
1239 3836 1270 3901 et
1293 3834 1424 3900 hortatio
1447 3832 1520 3898 nihil

274 3950 438 4017 admodum
461 3950 604 4034 proficere
627 3951 784 4034 potuisset
808 3951 982 4034 bellumque
1005 3951 1104 4034 primo
1126 3951 1159 4016 in
1183 3948 1318 4015 Galliam
1342 3949 1521 4016 translatum

275 4065 382 4133 deinde
405 4065 532 4132 celerius
556 4083 648 4148 quam
663 4067 842 4148 putaremus
857 4065 888 4131 in
907 4065 1031 4131 Italiam
1047 4067 1221 4132 revocatum
1236 4065 1360 4144 fuisset,
1385 4063 1521 4148 Gallique

276 4181 448 4248 Mediolano
470 4183 568 4266 cepte,
591 4159 688 4264 Papia
703 4181 835 4259 obsessa,
851 4181 983 4247 exercitu
1005 4182 1209 4266 prepollentes
1231 4183 1349 4264 partem
1372 4181 1522 4266 copismm

274 4315 399 4362 suarum
427 4296 466 4361 ed
495 4296 675 4362 tantmdum
699 4315 828 4380 ragnum
857 4295 1095 4384 Neapolitanum
1124 4296 1277 4362 destinare
1307 4295 1522 4364 decrevissent:

274 4411 428 4482 mittimus
451 4431 530 4477 nunc
553 4413 701 4496 quantum
716 4410 935 4494 obstiterimus‚
958 4431 1018 4478 uon
1034 4411 1129 4478 armis
1151 4431 1207 4478 nos
1222 4410 1354 4496 quidem,
1377 4431 1396 4478 a
1417 4411 1523 4496 quibus
