3192 4930
595 322 816 388 ..15-

101 525 171 582 curae
190 517 313 583 inomni
326 515 561 600 impedimento,
592 534 661 582 eum
684 517 767 582 euim
796 516 835 582 ad
867 515 999 582 sedanda
1028 515 1231 582 acerbissima·
1249 517 1330 584 belia

101 633 188 714 quibus
211 633 397 698 christianus
419 633 502 698 orbis
526 632 636 716 flagrat
659 631 825 708 universus,
854 651 925 698 cum
947 631 986 696 ad
1009 632 1199 698 imminentis
1222 635 1254 698 et
1276 653 1329 698 ur·

100 749 181 830 gantis
203 747 386 814 ferocissimi
408 748 523 813 marcae
546 747 682 831 impetus
700 746 867 828 evitandos,
897 767 967 813 cum
990 748 1029 812 ad
1051 765 1119 814 eam
1142 767 1220 832 quae
1241 749 1329 814 nobis

100 867 123 928 et
140 865 284 930 inamore
299 867 331 930 et
351 863 385 929 in
398 863 540 947 opinione
555 863 679 928 rimatis
701 862 863 946 potissima
878 865 926 928 est
941 861 1139 929 Germaniam
1154 864 1335 930 domesticis·

99 980 173 1045 malis
192 979 384 1045 liberandam
412 977 515 1044 omnia
538 977 640 1044 studia
663 979 694 1044 et
716 977 844 1044 consilia
872 979 977 1044 nostra
999 978 1049 1044 vir
1079 977 1240 1044 suffectura
1262 999 1337 1045 cer-·

97 1113 230 1168 uemmus,
258 1113 319 1160 non
342 1093 483 1160 duximus
506 1093 544 1158 ad
566 1095 723 1159 tantarum
745 1112 846 1158 rerum
876 1112 952 1159 onus
976 1095 1056 1160 hunc
1077 1095 1172 1160 etiam
1194 1095 1328 1162 laborem

98 1209 265 1276 reformandi
288 1210 388 1276 subito
417 1207 590 1275 addendum
613 1227 689 1287 esse,
718 1209 898 1293 praesertim
927 1227 998 1275 cum
1020 1209 1077 1276 hoc
1099 1211 1268 1276 remedium
1291 1210 1331 1276 ad

96 1325 271 1409 aliquantum
292 1325 413 1410 tempus
435 1324 551 1390 differri
571 1325 683 1408 posset
706 1323 761 1390 illa
779 1343 848 1390 vero
871 1324 1025 1408 superiora
1047 1343 1101 1392 nec
1118 1326 1252 1410 spatium
1275 1345 1330 1392 nec

97 1458 198 1506 moram
219 1440 317 1506 ullam
339 1441 521 1523 paterentur.
567 1437 666 1520 Quare
689 1439 717 1505 si
739 1439 778 1504 ab
800 1437 977 1505 huiusmodi
999 1440 1125 1524 optimis
1140 1441 1330 1526 principibus

96 1557 121 1619 et
139 1555 198 1638 ipso
214 1553 396 1622 Germaniae
411 1555 560 1621 mereatu
582 1555 656 1620 haec
679 1573 727 1620 ree
743 1555 798 1620 abs
813 1555 845 1620 te
866 1555 1037 1638 postulatur
1052 1575 1114 1622 non
1136 1557 1236 1623 solum
1251 1557 1330 1624 hanc

95 1689 184 1738 eorum
214 1671 358 1738 uitatem
387 1672 418 1736 et
447 1669 664 1756 dignissimam
692 1670 778 1736 omni
806 1669 895 1735 made
924 1671 1113 1736 voluntatem
1142 1673 1175 1738 in
1197 1672 1329 1738 Domino

95 1787 336 1864 commendamus,
360 1786 412 1852 sed
435 1789 558 1870 gratum
574 1786 697 1870 insuper
719 1785 867 1852 habemus
890 1785 969 1870 quod
991 1787 1034 1852 rei
1053 1788 1141 1854 nobis
1164 1787 1329 1856 admodum

96 1899 268 1968 desideratae
296 1901 432 1966 laborem
461 1920 516 1970 sua
538 1901 700 1986 diligentia
722 1901 810 1966 nobis
833 1901 950 1966 faciunt
972 1903 1123 1968 leviorem.
1169 1901 1229 1968 Sed
1251 1904 1330 1970 illud

95 2017 135 2082 est
153 2017 385 2102 diligentissime
414 2015 725 2098 animadvertendum,
754 2016 791 2082 de
814 2035 872 2102 quo
901 2019 935 2084 tu
967 2018 1054 2084 nobis
1082 2037 1144 2084 non
1165 2019 1210 2084 ita
1239 2019 1330 2102 plane

94 2134 239 2217 opereque
268 2131 427 2216 scripsisti,
456 2151 530 2198 nmn
559 2131 630 2198 hnic
660 2133 765 2198 sancto
794 2132 877 2216 operi
906 2151 1010 2198 omnes
1039 2133 1191 2217 principes
1221 2134 1329 2218 quiin

94 2249 228 2314 mnrentu
249 2250 349 2314 locum
371 2266 534 2331 vocemque
563 2248 702 2314 obtinent
724 2249 790 2314 tam
811 2249 995 2331 temporales
1017 2267 1110 2332 quam
1132 2250 1330 2316 ecclesiastici

95 2364 278 2445 consentiant,
303 2363 331 2428 si
353 2363 437 2430 anim
458 2383 537 2430 unus
560 2365 609 2430 est
630 2364 753 2430 animus
775 2363 913 2429 omnium
936 2367 967 2430 et
996 2383 1057 2430 una
1079 2383 1115 2430 aa
1137 2367 1329 2434 consentiens

93 2477 121 2542 ln
140 2479 192 2545 hoc
220 2481 264 2545 ita
292 2479 348 2545 liat
376 2479 611 2562 postulatique
640 2479 788 2563 punctum
819 2479 942 2564 quidem
971 2479 1118 2564 temporis
1147 2481 1288 2548 volumus
1311 2501 1330 2548 a

93 2595 198 2660 terem
220 2590 342 2674 differri,
364 2593 481 2679 tibique
502 2595 534 2660 et
556 2593 748 2677 praesidendi
770 2593 803 2659 in
825 2593 891 2677 ipso
915 2597 1064 2660 conventu
1087 2614 1122 2662 ac
1140 2616 1216 2681 quae
1238 2598 1271 2664 in
1293 2618 1328 2666 eo

93 2707 201 2775 decreta
215 2710 253 2776 ad
268 2728 373 2776 eorum
388 2709 634 2776 reformationem
649 2728 770 2775 morum
785 2709 858 2775 cleri
873 2707 1054 2776 Germaniae
1076 2711 1203 2778 fecerint
1217 2732 1327 2798 appro-

93 2823 176 2890 bandi
205 2827 234 2890 et
261 2823 462 2892 confirmandi
489 2825 669 2891 auctoritate
691 2826 797 2890 nostra
825 2825 929 2890 tenore
957 2827 1164 2909 praesentium
1193 2829 1329 2913 amplam

91 2941 261 3022 potestatem
284 2940 379 3006 simul
400 2942 432 3006 et
453 2940 631 3008 facultatem
653 2939 855 3008 concedimus:
880 2941 928 3005 sin
951 2943 1054 3008 autem
1076 2941 1242 3027 intelligas,
1267 2964 1329 3010 non

90 3073 117 3118 re
142 3055 258 3140 publice
286 3057 320 3122 in
349 3054 570 3122 discussionem
599 3055 802 3134 adductans
831 3075 890 3139 qua
912 3057 1064 3124 contentio
1093 3059 1251 3137 exoriatur,
1275 3059 1329 3124 sed

89 3170 258 3254 singulatim
274 3171 412 3238 omnium
422 3171 629 3236 voluntatibus
643 3171 809 3254 perspectis
825 3170 960 3254 aliquem
974 3174 1093 3256 partem
1108 3194 1326 3258 numerumque

88 3283 250 3370 principum
271 3287 302 3354 et
324 3305 429 3352 eorum
451 3286 504 3370 qni
526 3285 705 3351 auctoritate
728 3285 845 3370 pollent
866 3287 905 3350 ab
921 3287 979 3352 hac
1002 3288 1154 3354 sententia
1176 3292 1329 3356 remotum

87 3417 162 3464 esse:
184 3400 458 3484 pertimescendum
480 3401 553 3466 tnnc
575 3400 663 3467 nobis
692 3401 826 3486 graviter
848 3401 929 3468 esset
951 3422 989 3467 ne
1012 3421 1082 3468 cum
1105 3404 1220 3469 veteres
1244 3404 1326 3472 sedi·

87 3513 177 3581 tiones
201 3537 236 3581 er
256 3517 313 3582 illa
333 3517 422 3584 nobis
445 3515 647 3582 dilectissima
669 3517 792 3582 natione
815 3517 920 3582 tollere
944 3521 974 3582 et
995 3517 1146 3602 extirpare
1167 3539 1325 3604 quaerere·

86 3648 150 3696 mus
172 3651 263 3698 nouas
284 3633 410 3716 insuper
431 3632 660 3710 concitaremus
683 3632 764 3716 quod
786 3633 873 3698 nobis
896 3651 1009 3718 magne
1025 3632 1121 3699 dolori
1142 3634 1203 3718 ipsi
1226 3637 1328 3702 autem

88 3742 262 3814 Germaniae
283 3747 468 3832 gravissimo
491 3747 674 3812 detrimento
697 3747 786 3826 esset,
814 3767 890 3832 quae
913 3767 972 3813 uno
995 3747 1117 3834 quidem
1140 3750 1209 3834 plus
1233 3751 1330 3816 multo

86 3877 171 3944 qaam
194 3863 341 3930 vellemus
356 3861 555 3929 dissensionis
578 3879 687 3948 genere
711 3862 889 3929 iamdudum
904 3863 1019 3928 afflicta
1042 3866 1097 3930 est.
1121 3865 1207 3930 Facit
1226 3867 1330 3930 antem

85 3979 113 4040 et
133 3995 220 4042 amor
240 3979 401 4064 perpetuus
415 3978 450 4044 in
471 3977 560 4043 illam
576 3979 732 4044 nationem
754 3979 858 4044 noster
881 3981 912 4044 et
930 3997 965 4044 aa
989 3959 1166 4064 spes'quam
1181 3979 1330 4045 habemus

85 4092 160 4174 quod
181 4092 236 4156 illa
250 4093 329 4160 inter
345 4113 378 4159 se
400 4091 539 4160 concordi
554 4093 586 4157 vi
600 4093 722 4178 placata
738 4095 906 4160 marimum
921 4093 1068 4160 auxilium
1091 4113 1126 4158 ac
1143 4094 1330 4178 praesidium

85 4207 138 4270 toti
159 4206 378 4274 christianitati
406 4209 515 4274 debeat
545 4227 611 4274 esse
641 4209 792 4292 paratum,
821 4211 856 4274 ut
878 4210 1122 4294 germanicorum
1151 4209 1330 4293 populorum

85 4319 246 4388 commodis
267 4322 527 4409 incommodisque
549 4343 610 4390 non
634 4342 720 4390 secus
744 4323 914 4390 afficiamur
937 4343 972 4390 ac
994 4323 1116 4390 nostris.
1156 4323 1243 4389 Hanc
1266 4343 1331 4390 rem

87 4437 117 4500 ut
137 4435 274 4524 exquiras
297 4438 460 4526 diligenter
490 4458 525 4504 ac
559 4438 726 4523 perpendas
760 4439 897 4505 adhibito
920 4441 1046 4528 consilio
1078 4459 1181 4505 eorum
1204 4458 1278 4522 quos
1301 4442 1333 4504 et
