3132 4910
569 297 811 366 -341-

74 493 162 560 atnli
183 491 334 561 excessivo
357 511 453 577 sporo.
499 494 540 560 ‘ult
562 494 617 560 alli
640 495 718 562 socri
740 493 810 580 pedi
832 494 916 574 dille,
940 494 989 562 oui
1011 513 1082 562 cum
1104 495 1207 582 debita
1229 515 1315 562 rese·

74 611 162 678 reutia
183 609 394 679 devotamento
416 611 445 676 si
466 610 734 678 raccomandicmo.
773 611 911 678 Mutinae
932 611 990 678 xia
1013 609 1130 697 Aprilis
1153 611 1271 679 mdrrv.

765 782 799 848 ll.
824 800 847 847 s.
870 800 897 848 v.

340 896 450 963 Deroti
472 898 605 964 oratores
629 897 742 964 servuli
765 898 990 966 conservatores
1012 897 1147 964 civitatis
1170 895 1316 966 Mutinae.

655 1159 729 1226 258.

384 1323 488 1384 Cives
510 1324 713 1385 Placentiae
735 1323 908 1385 Clementi
930 1325 1004 1387 vn.

504 1433 591 1522 (litt
614 1435 708 1519 prino.
732 1435 787 1501 HL
813 1433 879 1521 88).

525 1549 592 1638 (19.
608 1550 725 1635 Aprilis
744 1550 853 1636 1525).

153 1712 334 1782 Societatem
358 1731 416 1778 as.
433 1731 460 1779 v.
483 1731 553 1777 cum
577 1730 715 1778 caesarea
737 1713 898 1779 maiestate
921 1732 1016 1798 nuper
1029 1713 1150 1795 initam,
1173 1713 1227 1781 ubi
1249 1733 1317 1782 eam

74 1829 134 1897 rm'u
155 1831 248 1916 legati
271 1829 369 1896 nostri
383 1827 496 1894 litteris
518 1829 715 1913 cognovimus
738 1849 772 1895 eo
796 1829 896 1914 magis
920 1849 1025 1896 sumus
1048 1829 1137 1896 letati
1158 1829 1238 1915 quod
1260 1849 1315 1896 ns·

73 1945 138 2012 dum
159 1966 225 2013 eam
255 1942 417 2013 christiani
440 1945 522 2011 orbis
553 1945 683 2012 salutem
714 1945 923 2012 omnimodam
953 1945 1118 2011 allaturam
1148 1965 1314 2031 speramus,

74 2061 120 2128 sed
140 2063 175 2130 ed
197 2082 252 2129 nos
275 2060 533 2128 intollerabilibus
556 2059 666 2144 quibus
688 2061 856 2145 premimur
878 2062 1019 2128 oneribus
1042 2061 1145 2141 levari,
1170 2081 1192 2128 s.
1209 2081 1236 2128 v.
1259 2063 1314 2128 be·

73 2179 213 2264 nignitate
235 2177 426 2245 confidimus.
457 2177 630 2242 Promimur
651 2179 682 2243 et
697 2196 858 2244 oneramur
881 2196 972 2261 supra
988 2177 1067 2244 vires
1090 2179 1210 2244 nostrus
1229 2181 1315 2264 peter

73 2315 94 2358 s.
108 2298 137 2360 et
156 2315 190 2361 aa
212 2294 348 2380 patimur
370 2312 431 2378 que
446 2291 569 2359 sufferre
592 2311 653 2359 non
667 2295 715 2360 est
738 2293 891 2377 possibile.
923 2291 1070 2360 Confliotu
1088 2293 1168 2378 apud
1183 2295 1313 2378 Papiam

73 2409 177 2491 habito,
190 2411 395 2496 Hispanorum
410 2408 547 2494 equitum
562 2409 660 2476 lancie
677 2409 870 2495 quadriginte
885 2429 994 2495 egnum
1003 2429 1092 2477 omne
1101 2411 1315 2478 Placentinum

73 2527 166 2592 talitm
193 2526 377 2611 occuparunt
405 2526 440 2590 ut
462 2524 568 2590 exinde
590 2525 653 2590 iam
676 2527 742 2591 tam
764 2526 973 2620 multosdies
1006 2528 1095 2593 rebus
1126 2527 1239 2594 uostris
1261 2547 1316 2612 pro

73 2642 152 2709 libito
173 2644 305 2720 utauum
329 2641 444 2707 rictum
467 2640 643 2707 homiuibus
667 2643 697 2707 et
720 2641 866 2707 iumentis
889 2661 924 2708 cr
948 2643 1130 2708 miserorum
1154 2642 1315 2709 sudoribus

74 2763 169 2842 parent
190 2761 228 2840 ct
252 2757 332 2844 quod
354 2756 480 2842 grauius
503 2757 598 2823 etiam
619 2759 675 2836 est
698 2757 785 2823 taxas
801 2757 840 2823 ad
856 2760 991 2823 scuttum
1006 2778 1101 2824 unum
1124 2777 1178 2844 pro
1194 2759 1316 2845 singulo

74 2875 161 2942 milite
182 2875 230 2942 die
248 2873 385 2960 quolibet
407 2873 539 2958 exigunt.
578 2871 643 2940 Neo
665 2873 722 2939 hoc
745 2874 838 2951 satis;
862 2873 965 2940 decem
987 2873 1076 2939 milia
1092 2871 1314 2941 Germanorum

73 2990 198 3073 peditum
221 3010 256 3057 ex
280 2975 385 3056 eodem
401 2988 533 3056 exercitu
555 2989 588 3054 in
603 2988 778 3055 districtum
794 2989 1009 3055 Placentinum
1032 3009 1050 3055 a
1066 2989 1115 3056 dis
1136 2990 1193 3056 illa
1216 2987 1314 3057 adhuc

73 3109 223 3174 morantur.
271 3105 487 3172 Ommittimus
510 3105 589 3188 quod
612 3107 643 3171 et
664 3105 719 3171 isti
741 3104 980 3172 innumerabiles
1003 3105 1207 3189 pecuniarum·
1225 3125 1311 3173 sum·

73 3240 131 3288 mas
145 3223 333 3290 ertomerunt
355 3222 386 3286 et
401 3220 434 3286 in
450 3219 514 3286 dies
530 3223 712 3305 extorquuut
729 3221 800 3303 (sio)
818 3221 980 3305 taliterque
997 3221 1101 3287 omnia
1115 3239 1313 3305 consumpse·

73 3341 135 3403 runt
155 3343 187 3404 ut
208 3340 272 3404 iam
295 3337 375 3402 nihil
398 3336 440 3402 sit
455 3337 620 3420 reliquum3
643 3337 815 3402 habuerunt
837 3339 868 3402 et
891 3338 1004 3402 statim
1024 3337 1132 3402 multis
1155 3337 1313 3418 mensibus

72 3451 229 3521 incivitate
248 3454 310 3519 ista
325 3453 426 3518 vestra
442 3451 603 3518 Mantuani
625 3453 811 3518 marchionis
835 3451 959 3533 milites,
976 3453 1027 3538 qui
1050 3452 1195 3518 ducatum
1217 3471 1312 3519 unum

73 3587 164 3637 meuse
185 3569 322 3655 quolibet
344 3587 398 3652 pro
423 3567 544 3652 sinfflrlo
560 3587 634 3652 equo
657 3570 861 3644 extorserunt3
885 3569 931 3633 ita
953 3570 988 3633 ut
1003 3567 1135 3652 undique
1158 3568 1190 3634 et
1204 3567 1313 3634 ciuitas

72 3685 99 3748 et
118 3705 186 3770 ager
207 3685 250 3751 sit
272 3684 386 3750 mirum
409 3684 443 3748 iu
465 3683 590 3749 modum
614 3683 794 3750 exinanitum.
825 3682 977 3768 Diguetur
999 3683 1096 3768 igitur
1118 3684 1267 3750 saucfitas
1284 3704 1313 3751 v.

73 3801 146 3866 oculo
167 3799 372 3868 misericordie
394 3798 428 3864 iu
450 3798 556 3865 fidelos
579 3798 774 3866 Placentinos
798 3799 954 3883 respicere,
977 3817 1028 3865 eos
1051 3800 1131 3865 etot
1153 3799 1184 3863 ot
1206 3817 1225 3863 a
1246 3799 1312 3864 tam

73 3915 203 3997 gravibus
225 3916 324 3984 ruinis
347 3915 489 3991 liberare;
521 3914 697 3981 auctoritati
719 3935 772 3981 sue
797 3915 981 3981 facillimum
1004 3915 1036 3980 ot
1057 3913 1144 3980 uobis
1170 3913 1311 3980 fidelibus

74 4029 128 4095 suis
145 4051 333 4118 summopere
348 4033 394 4097 est
410 4030 622 4111 necessarium,
645 4033 825 4115 cumuloqua
839 4030 1009 4116 mederum
1029 4033 1060 4095 et
1079 4047 1239 4095 munerum
1254 4028 1310 4096 nd·

74 4145 228 4214 scribimus.
275 4146 359 4214 Felix
381 4146 482 4212 valeat
505 4147 560 4213 etc.
606 4146 762 4212 Placentie
784 4146 833 4212 die
856 4146 913 4212 rix.
936 4145 1054 4228 Aprilis
1076 4143 1194 4210 mdxrv.

656 4325 833 4392 Humillimi
856 4323 967 4394 servuli
990 4323 1072 4408 prior
1094 4325 1125 4390 et
1147 4321 1268 4390 unciani

599 4439 733 4526 negociis
755 4441 889 4508 civitatis
913 4438 1087 4508 Placentina
1109 4437 1308 4524 presidentes.
