3152 4902
560 331 804 398 —179-

150 525 274 606 Caeseti,
297 563 342 574 -
365 525 521 593 Jubileum
545 525 678 610 pontifex
709 525 846 594 concedit
875 526 931 592 sub
954 527 1045 592 certis
1075 527 1307 606 conditionibus,
1330 609 1335 618 .

76 641 182 726 eiusque
196 640 430 726 consanguineis
453 643 484 708 et
498 642 651 722 affinibus,
675 642 859 708 consiliariis
881 643 913 707 et
928 642 1131 708 familiaribus
1146 661 1308 726 oommque

77 757 200 822 uroribus
214 759 245 823 et
260 758 376 838 liberis,
392 757 499 824 deinde
515 757 657 822 omnibus
673 775 747 842 quos
770 757 850 822 infra
873 759 990 823 certum
1008 761 1129 842 tempus
1144 757 1309 842 imperator

78 871 131 955 ipse
150 873 355 939 nominaverit.
379 911 423 922 —
445 873 503 940 Die
525 873 575 939 rii.
598 871 783 940 Novembris
806 871 923 938 mdxxv.
969 873 1058 940 Anno
1081 874 1218 940 secundo.

152 1103 1166 1190 drobiepiscopoSenonensicancellariollranoiae.Rogateumdem
1175 1105 1309 1190 pontifex

77 1221 113 1296 ut
132 1239 180 1304 pro
202 1239 255 1287 suo
284 1238 359 1304 erga
381 1239 413 1286 se
444 1220 545 1286 studio
568 1240 603 1286 ac
632 1220 832 1298 observantia,
862 1219 976 1286 efficiat
998 1222 1033 1286 ut
1054 1220 1101 1287 Jo.
1126 1220 1310 1308 Staphyleus

77 1333 110 1398 ad
122 1335 336 1418 possessionem
352 1335 494 1402 ecclesiae
508 1335 660 1415 Dolensis
683 1335 712 1403 ei
729 1337 768 1401 ab
784 1335 949 1419 apostolica
966 1333 1042 1401 Sede
1063 1336 1128 1403 iure
1143 1337 1311 1422 meritoque

77 1449 196 1528 collatae,
218 1450 409 1530 admittatur,
431 1450 607 1534 posthabita
630 1451 836 1517 nominatione
859 1449 917 1515 dlii
932 1449 1057 1516 Domini
1079 1451 1234 1532 deierat
1257 1451 1310 1536 qui

78 1565 104 1628 at
123 1567 213 1632 astute
234 1567 266 1632 et
281 1565 354 1631 aliis
376 1565 413 1632 de
436 1566 537 1632 causis
552 1566 591 1632 ad
613 1585 681 1632 eam
699 1565 820 1650 ineptus
839 1567 1086 1650 comperiebatur.
1132 1569 1246 1634 Romae
1263 1566 1312 1632 die

78 1679 120 1744 sii
140 1679 317 1748 Novembris
341 1681 459 1748 mdxxa
505 1681 594 1747 Anno
618 1680 755 1748 secundo.

657 1942 727 2008 136.

596 2104 789 2166 Caesari

157 2256 318 2324 Carissimo
347 2257 381 2324 in
403 2256 524 2325 Christo
553 2257 600 2324 fili
629 2260 739 2325 noster.
789 2259 834 2324 Ex
862 2259 975 2326 litteris
1007 2262 1097 2324 senti·
1122 2259 1192 2324 tuae
1222 2277 1316 2324 manu

82 2373 189 2457 scriptis
203 2374 285 2440 datis
299 2373 401 2440 xxviii
417 2373 559 2441 Octobris
574 2373 766 2458 concepimus
782 2393 842 2440 non
858 2374 1040 2440 mediocrem
1055 2373 1151 2440 animi
1166 2373 1316 2440 laetitiam

82 2487 126 2552 illa
146 2493 212 2556 tuae
234 2490 370 2574 optimae
391 2509 465 2574 argu
486 2509 543 2556 uos
565 2491 734 2558 voluntatis
756 2491 1052 2568 commemoratione,
1076 2507 1187 2573 speque
1203 2507 1315 2572 magua

81 2602 221 2672 bominem
252 2607 341 2672 tuum
369 2624 460 2689 quem
489 2606 527 2671 ad
558 2625 612 2673 nos
642 2605 870 2690 quamprimum
898 2605 1065 2672 missurum
1095 2606 1126 2670 te
1155 2605 1317 2672 confirmas

82 2721 250 2802 expectaturi
274 2739 389 2800 sumus,
412 2741 472 2787 non
488 2720 663 2786 dubitantes
686 2720 760 2804 quin
783 2719 810 2785 is
834 2723 924 2786 serii·
942 2721 1013 2786 tuae
1036 2719 1268 2786 deliberationes
1287 2719 1319 2784 et

82 2835 194 2902 consilia
216 2837 339 2903 nostrae
362 2853 397 2901 aa
419 2835 510 2902 buius
533 2833 603 2901 Sita
627 2834 714 2902 Sedis
737 2835 883 2919 dignitati
905 2835 1118 2920 communique
1141 2834 1318 2900 christiani·

84 2949 147 3014 latis
167 2951 233 3034 poci
247 2952 279 3017 et
302 2951 397 3016 saluti
411 2950 570 3018 commoda
593 2951 684 3035 atque
699 2951 868 3035 opportuna
891 2950 932 3016 sit
948 2951 1106 3016 aucturus.
1152 2949 1233 3015 illud
1249 2967 1319 3016 vero

84 3065 199 3132 altcmm
213 3065 294 3152 quod
316 3066 354 3132 de
368 3065 571 3150 dispensando
595 3085 685 3149 super
707 3066 903 3132 matrimonio
926 3066 1006 3149 petis
1021 3085 1040 3130 a
1056 3065 1153 3145 nobis,
1175 3065 1220 3130 ita
1242 3064 1319 3130 faci-

84 3198 143 3246 nus
163 3181 291 3248 libenter
314 3183 349 3247 ut
371 3183 475 3248 tamen
490 3183 630 3266 optemus
653 3183 744 3266 atque
766 3201 922 3264 speremus
944 3181 985 3245 ad
999 3181 1128 3247 eundem
1150 3179 1233 3264 pacis
1249 3179 1320 3246 uui-

86 3297 197 3364 versalis
212 3298 315 3376 finem,
340 3297 419 3363 sicut
434 3299 468 3362 tu
483 3297 572 3364 nobis
588 3316 730 3381 persaepe
746 3295 909 3363 ostendisti
923 3297 1030 3380 aptmn
1046 3299 1077 3362 et
1092 3295 1322 3362 accomodatum

86 3408 145 3477 loro.
171 3411 208 3480 lu
229 3432 289 3498 quo
307 3419 411 3479 ser.tuo
427 3414 513 3478 tuam
537 3411 570 3478 in
585 3411 717 3478 Domino
740 3410 907 3496 plurimum
923 3411 1120 3476 adhortamur
1143 3411 1218 3476 velit
1233 3429 1322 3494 agere

87 3527 163 3610 atque
183 3527 302 3596 efficere
317 3529 352 3594 ut
374 3527 413 3594 ab
435 3528 485 3594 his
503 3527 688 3594 tumultibus
703 3530 735 3593 et
758 3527 978 3611 suspitionibus
993 3527 1322 3610 perniciosissimarum

88 3639 290 3710 decursurum
305 3661 381 3729 quae
403 3644 469 3710 tam
485 3661 572 3710 saeve
595 3661 690 3728 usque
705 3643 803 3710 adhuc
825 3643 914 3709 illum
929 3643 1137 3709 laceraverunt
1159 3639 1321 3726 aliquando

88 3753 168 3824 libera
188 3761 219 3826 et
241 3761 309 3826 tuta
332 3758 375 3824 sit
388 3759 608 3838 adustionibus,
631 3757 710 3843 quod
726 3759 758 3823 iu
783 3762 872 3824 ser.tis
892 3759 963 3824 tuae
985 3757 1187 3842 temperantia
1206 3758 1237 3822 et
1253 3775 1321 3822 ma-

89 3873 231 3954 gnitudine
259 3875 457 3959 potissimum
479 3874 599 3941 videtm
620 3893 687 3940 esse
708 3874 852 3958 positum,
881 3873 1104 3958 inprimisque
1127 3873 1217 3938 Italia
1247 3891 1323 3957 quae

90 3987 147 4054 brae
160 3991 228 4058 fidei
250 3990 383 4058 maxime
398 3989 610 4058 commendata
632 3992 687 4056 est.
734 3989 799 4056 Nos
814 3987 937 4073 quidem
952 3991 995 4069 tu,
1018 3989 1050 4054 in
1072 3988 1162 4053 rebus
1181 3987 1322 4054 omnibus

33 4139 35 4194 l
92 4121 153 4185 quae
172 4107 230 4173 tibi
243 4107 350 4192 gratam
373 4108 404 4174 et
417 4107 471 4173 tuo
486 4105 605 4174 nomini
619 4105 801 4171 honorificae
817 4105 936 4170 futurae
959 4105 1038 4182 sunt,
1054 4103 1188 4169 invenies
1206 4121 1323 4186 sempor

34 4199 35 4204 ἵ
93 4219 117 4282 ot
135 4239 230 4288 amore
253 4223 284 4288 et
305 4222 463 4289 vuluntate
486 4241 552 4288 esse
574 4220 796 4305 paratissimos,
827 4220 905 4285 sicut
934 4239 1004 4285 cum
1026 4218 1131 4285 eadem
1161 4224 1242 4283 sor.te
1270 4218 1323 4282 tua

93 4330 134 4400 dil
153 4335 186 4403 fr.
207 4340 310 4405 noster
325 4338 373 4405 Jo.
390 4335 419 4404 S.
437 4336 564 4405 Cosam
586 4337 617 4403 et
632 4336 777 4402 Damiani
800 4335 963 4401 cardinalis
986 4333 1023 4398 de
1039 4331 1184 4399 Salviatie
1202 4332 1323 4416 legatus

92 4454 117 4512 tt
135 4453 291 4520 scmndnm
315 4473 438 4521 cannam
453 4453 556 4520 affinis
578 4454 690 4530 noster,
714 4453 766 4517 aut
789 4451 939 4517 ledasar
961 4449 1164 4517 destinemus
1195 4448 1323 4514 nuncius

1105 4555 1163 4624 12*
