3192 4930
802 285 1026 354 ...33-

282 503 345 552 non
365 479 488 563 terrent,
511 480 658 566 uobisque
672 481 707 548 in
722 479 780 548 heo
794 481 962 568 irruptione
977 481 1136 552 Gallorum
1151 485 1344 571 cupientibus
1365 505 1423 554 nou
1435 485 1514 553 annis

275 601 337 670 'sed
358 596 443 686 potis
458 599 490 667 et
511 597 687 666 concordiae
701 599 828 666 oonsilio
850 601 1005 667 consulere
1020 601 1175 668 eommumi
1197 603 1290 670 saluti
1312 603 1345 669 ot
1358 603 1514 688 tranquilli-

283 716 350 799 tau,
372 735 426 802 per
447 714 606 800 utriusque
627 713 725 799 partis
740 713 886 782 durieiem
908 715 1030 783 licitum
1049 736 1110 783 uon
1125 716 1242 798 linisset,
1263 719 1440 786 necessitato
1453 718 1514 784 sub·

281 834 343 900 noti
365 851 472 900 sumus
494 833 530 898 nt
555 830 670 899 nostris
691 829 837 915 privatim
858 833 948 898 rebus
970 832 1063 899 fidem
1085 833 1117 900 et
1140 833 1333 901 securitatem
1356 833 1513 901 aomisda·

279 948 408 1015 nissimo
422 966 493 1034 rege
508 964 702 1032 quaeremus:
717 964 788 1013 eum
802 947 840 1028 is,
854 947 943 1014 nobis
958 947 1081 1032 quidem
1095 949 1190 1016 invito
1207 949 1239 1017 et
1253 969 1342 1034 aegre
1354 949 1513 1026 terentibus,

272 1065 313 1131 in
326 1083 456 1149 rognum
471 1065 559 1128 tuum
568 1059 806 1145 Neapolitanum
819 1063 1001 1129 tentandum
1015 1065 1133 1147 partem
1148 1065 1295 1132 exereitus
1311 1065 1358 1131 sui
1373 1067 1515 1144 missurus,

278 1180 399 1246 nostroe
422 1179 454 1246 et
469 1175 499 1244 S.
514 1177 551 1244 R
566 1176 720 1243 iioolesiae
736 1177 836 1242 status
851 1177 987 1246 tumultu
1009 1179 1041 1244 et
1062 1179 1157 1244 ermis
1172 1179 1262 1248 boile
1279 1181 1402 1247 turbare
1417 1181 1512 1265 posset.

277 1296 312 1362 in
333 1313 392 1380 quo
406 1292 545 1361 vicissim
560 1293 595 1358 ut
609 1291 737 1359 eandem
758 1292 807 1358 illi
821 1291 915 1360 fidem
936 1295 1148 1378 praeberemus
1170 1295 1230 1362 brit
1246 1315 1264 1362 a
1278 1296 1368 1363 uobis
1390 1295 1514 1380 petitum

278 1409 359 1496 quod
379 1412 411 1477 et
433 1408 575 1476 ieoimus:
605 1427 675 1474 oum
697 1406 747 1474 vel
768 1407 917 1474 adarma
944 1408 1007 1475 nisi
1028 1409 1061 1476 id
1089 1410 1256 1478 inseremus
1284 1411 1419 1478 eundum
1439 1409 1514 1476 nobis

277 1526 367 1607 osset
388 1527 438 1593 vel
451 1523 621 1592 inermibus
635 1525 667 1589 et
680 1523 842 1608 imparatis
857 1525 958 1592 aliem
971 1525 1098 1593 arbitrio
1113 1526 1266 1606 standum,
1282 1545 1411 1612 quorum
1423 1529 1513 1593 utrum

277 1643 380 1710 minus
402 1640 491 1708 nobis
513 1639 700 1719 uondnoeret
728 1638 854 1706 difficile
875 1639 1012 1706 iudicatu
1034 1643 1114 1708 orat:
1145 1641 1277 1710 sienim
1304 1643 1344 1709 ad
1365 1661 1449 1709 arma
1468 1659 1515 1710 nos

275 1757 520 1836 contulissemus,
542 1773 613 1821 oum
634 1757 667 1822 et
687 1753 785 1838 patris
800 1773 874 1840 erga
895 1775 1001 1823 omnes
1015 1775 1175 1841 personam
1196 1758 1355 1844 aequalem
1369 1757 1513 1843 prolitare

274 1892 353 1953 mur,
375 1873 407 1939 ot
428 1871 565 1956 egestate
594 1872 685 1955 atque
714 1869 799 1937 omni
828 1870 873 1938 rei
900 1871 1091 1956 pecuniariae
1119 1873 1223 1958 iuopia
1251 1873 1514 1960 pressissessemos:

274 2005 330 2054 neo
351 1985 450 2052 officio
472 1985 576 2051 uostm
598 1983 654 2050 illa
675 2003 724 2051 res
747 1985 952 2064 conveniebat
981 2006 1037 2053 neo
1059 1988 1189 2073 tempori
1217 1989 1250 2056 et
1270 1989 1451 2074 paupertati,
1471 1987 1512 2052 ia·

273 2103 390 2187 eileque
412 2100 452 2166 ad
472 2098 639 2185 gerendum
660 2099 778 2166 bellum
800 2117 909 2184 parum
930 2099 1075 2168 instructi
1095 2122 1218 2170 omnem
1232 2103 1297 2171 vim
1319 2103 1394 2170 belli
1417 2103 1513 2170 adsor-

275 2237 327 2284 sns
349 2235 406 2284 nos
428 2215 698 2282 eonvertissemus:
728 2214 756 2280 si
777 2231 847 2282 vero
869 2215 1012 2283 tinentiae
1033 2219 1065 2283 et
1091 2218 1218 2286 arbitrio
1248 2219 1393 2286 militaris
1416 2235 1515 2286 manus

271 2331 460 2399 transeuntis
482 2331 684 2410 stetissemus,
706 2329 841 2415 graviter
871 2332 938 2397 erat
959 2331 1218 2400 extimescendum
1240 2353 1278 2401 ne
1301 2337 1439 2402 vetorum
1459 2331 1513 2398 iui-

271 2446 459 2514 mioitiarum
472 2463 590 2514 memor
599 2443 708 2512 Gallus
722 2445 826 2512 omnia
840 2444 929 2513 nobis
943 2447 1079 2515 tumultu
1093 2449 1125 2515 et
1139 2449 1305 2516 terroribus
1320 2449 1515 2521 subverteret:

270 2563 463 2648 confugimus
485 2561 581 2647 igitur
603 2560 642 2626 nd
664 2559 792 2628 tertium
813 2563 845 2629 et
866 2560 1012 2629 ultimum
1033 2563 1205 2644 eonsilium
1234 2566 1270 2631 ut
1290 2564 1351 2631 fide
1373 2584 1446 2633 eum
1465 2563 1512 2630 de·

268 2677 453 2746 rinomemns
474 2677 555 2744 nihil
581 2676 673 2742 illum
695 2675 783 2743 nobis
812 2675 985 2744 nociturum
1006 2697 1083 2760 esse,
1111 2679 1192 2763 qnod
1213 2681 1354 2747 mutuam
1384 2683 1512 2748 nostram

268 2791 361 2860 fidem
382 2793 567 2878 postulabat
595 2791 676 2858 nihil
697 2790 747 2858 illi
768 2810 788 2857 a
809 2791 898 2859 uobis
927 2791 1102 2860 offensionis
1131 2793 1260 2862 illatum
1288 2795 1360 2876 iore
1389 2793 1516 2882 quaein

267 2904 325 2988 lion
345 2909 413 2975 tota
434 2907 539 2976 nostra
560 2906 768 2974 eonsentionis
797 2906 845 2973 sis
866 2927 902 2974 ao
925 2907 1077 2976 sententia
1099 2908 1181 2976 oeta
1202 2911 1259 2990 est
1281 2911 1469 2980 testantibus
1489 2911 1516 2974 et

267 3003 348 3089 elare
376 3023 590 3109 profitentibus
619 3022 708 3089 uobis
737 3041 793 3090 nos
821 3022 1037 3090 aseronitatis
1066 3027 1137 3092 tuae
1166 3027 1198 3091 ot
1227 3029 1320 3092 (aar.¹¹1¹
1342 3025 1377 3092 in
1398 3025 1515 3092 Christo

265 3139 325 3206 tilii
345 3137 444 3208 nostri
465 3138 598 3224 Angliae
626 3137 709 3222 regis
738 3137 876 3204 amicitia
904 3139 936 3205 et
964 3139 1108 3207 sooietate
1137 3159 1295 3225 nunquam
1323 3140 1515 3210 dmoessuros.

266 3251 326 3321 Sed
347 3253 427 3322 hano
441 3253 657 3321 imminentem
679 3253 770 3323 rebus
785 3252 893 3320 Italiae
907 3254 1074 3338 prooellnm
1095 3255 1159 3322 iam
1181 3257 1249 3322 tum
1272 3256 1310 3322 ob
1325 3273 1360 3322 eo
1382 3258 1515 3342 tempore

264 3369 434 3455 prospioera
463 3387 519 3436 nos
541 3369 688 3461 cepimus,
717 3387 788 3435 uum
809 3367 901 3435 duoes
924 3369 979 3450 tui,
1001 3369 1249 3438 dissuadentibus
1272 3369 1396 3455 quidem
1419 3371 1516 3448 nobis,

263 3484 430 3569 transalpia
451 3484 564 3551 bellum
582 3482 795 3560 traduxerunt;
811 3485 953 3551 uolumus
968 3503 1205 3554 commemorare
1219 3505 1296 3572 quae
1311 3488 1415 3553 secuta
1430 3487 1516 3560 aunt;

262 3601 344 3666 oorte
366 3618 421 3666 nos
443 3601 568 3666 tmrum
582 3618 684 3668 rorum
694 3598 812 3668 ,conosi
833 3618 885 3672 sas
900 3600 1089 3692 sorbitiones
1105 3599 1232 3668 sedandi
1253 3601 1329 3668 belli
1343 3601 1516 3668 ferebamus

261 3733 338 3800 quas
361 3715 390 3782 si
411 3713 458 3782 tui
479 3713 679 3784 admisissent
693 3733 756 3782 non
776 3715 863 3781 tanto
885 3714 919 3782 in
931 3699 1067 3800 periculo
1088 3735 1192 3789 rerum
1206 3735 1329 3784 summa
1350 3736 1432 3784 nune
1448 3737 1516 3786 ser·

261 3831 393 3897 sanetur:
416 3847 552 3916 quosque
574 3849 636 3898 non
658 3828 836 3896 dubitamus
859 3830 1018 3897 seronitati
1040 3833 1111 3898 tuae
1134 3831 1162 3898 si
1185 3831 1341 3918 praesenti
1361 3833 1515 3918 potuisse·

259 3964 330 4012 mns
351 3963 497 4031 exponere
520 3945 615 4012 tuisse
636 3943 811 4029 placituras.
850 3943 910 4012 Sed
932 3945 971 4012 de
993 3947 1043 4013 his
1066 3948 1097 4012 et
1119 3947 1197 4014 alias
1219 3947 1259 4014 ad
1280 3949 1312 4014 te
1335 3948 1515 4034 soripsimus

257 4064 290 4127 ot
310 4080 365 4146 per
386 4060 512 4128 nunoios
535 4062 655 4128 nostros
678 4062 732 4127 sut
753 4063 927 4128 nostrorum
949 4082 1020 4129 oum
1044 4061 1207 4129 serenitate
1229 4064 1283 4129 tua
1306 4063 1360 4148 agi
1382 4063 1514 4130 manda-

257 4175 373 4253 vimue;
401 4195 588 4262 quamquem
609 4175 767 4244 doleamus
795 4177 943 4244 maiorem
965 4176 999 4244 in
1021 4178 1147 4245 modum
1177 4179 1290 4264 scripta
1320 4179 1515 4264 eogitstaquo

256 4293 361 4358 noste
388 4291 429 4358 ad
456 4292 488 4358 te
509 4292 544 4360 in
565 4293 701 4376 tempore
729 4311 791 4359 uon
819 4292 915 4360 finisse
943 4294 1047 4360 allata
1094 4295 1177 4362 Haeo
1206 4296 1312 4361 nostra
1341 4313 1414 4361 onm
1441 4315 1517 4381 rege

254 4407 412 4475 conventio
434 4409 557 4492 aooepta
579 4409 627 4476 est
640 4407 781 4474 fortassis
803 4427 827 4494 a
836 4409 1021 4494 quibusdam
1042 4411 1165 4478 tuomm
1186 4409 1221 4476 in
1235 4409 1369 4482 alienam
1391 4413 1516 4498 partem
