3258 4904
613 363 857 431 ..447-

98 556 282 642 patentibus
305 577 399 626 manu
420 557 557 626 eiusdem
578 577 717 626 caesareo
740 559 912 627 maiestatis
928 560 1117 645 subscriptis,
1139 560 1177 629 de
1199 561 1310 647 quibus
1325 561 1358 629 in

97 675 239 758 presenti
261 693 402 758 processu
416 675 510 741 latius
532 675 703 742 continetur
722 676 845 744 cedema
859 695 913 760 pro
928 676 1076 744 tribunali
1096 677 1130 743 in
1152 677 1276 744 civitate
1291 679 1355 744 Ra·

98 808 219 855 vennae
244 793 275 856 et
298 791 330 856 in
360 791 595 876 metropolitana
623 792 750 858 ecclesia
780 812 869 876 super
898 791 1030 877 quadam
1059 793 1177 858 bancho
1199 792 1302 877 lignea
1324 793 1357 858 in

99 905 204 972 medio
233 907 330 991 ipsius
360 907 504 973 eeclesiae
532 907 565 973 in
595 927 686 973 causo
715 909 851 974 vertente
877 926 979 974 coram
1009 907 1170 975 maiestate
1200 926 1255 974 sua
1276 908 1357 975 inter

97 1021 334 1088 sanctissimum
357 1021 430 1089 dn
452 1023 480 1088 d.
503 1021 692 1089 Clementem
715 1041 826 1107 papam
850 1023 1015 1107 septimum
1038 1025 1069 1089 et
1092 1042 1144 1088 sou
1167 1022 1234 1090 nd
1257 1021 1355 1090 doun·

96 1157 172 1203 nom
196 1139 324 1204 Petrum
348 1139 518 1205 Ferrettnm
541 1139 597 1204 iur.
621 1141 679 1206 ntr.
703 1139 856 1206 doctorem
886 1138 1033 1206 nanum
1063 1139 1234 1222 generalem
1258 1138 1356 1204 dictae

97 1273 121 1317 s.
146 1253 187 1318 R
202 1253 347 1320 ecclesiae
370 1254 505 1320 eiusdem
530 1274 552 1320 a.
572 1253 601 1320 d.
618 1274 646 1320 n.
670 1274 765 1339 papae
788 1255 1014 1338 procuratorem
1035 1272 1070 1319 ex
1093 1273 1162 1333 una,
1185 1257 1310 1340 agema
1325 1257 1357 1320 et

98 1371 251 1450 petentes,
280 1371 311 1434 et
332 1369 376 1434 ill.
404 1368 432 1434 d.
463 1369 654 1452 alphonsum
684 1369 791 1435 ducem
814 1369 978 1448 Ferrariae,
1008 1370 1039 1434 et
1066 1388 1119 1435 seu
1141 1369 1169 1436 d.
1192 1369 1355 1435 Nicolaum

97 1484 218 1549 todeca
242 1485 375 1550 nobilem
398 1485 622 1551 Fenan'ensem
645 1484 781 1550 eiusdem
804 1485 848 1550 ill.
870 1483 899 1550 d.
915 1484 1001 1550 ducis
1023 1487 1247 1568 procuratorem
1270 1487 1355 1569 parte

98 1619 134 1663 er
159 1598 260 1664 altera
283 1616 348 1665 reos
365 1600 527 1664 conventos
550 1601 581 1665 et
604 1617 636 1665 ss
658 1600 861 1679 defendentes,
883 1601 914 1667 ot
936 1619 989 1684 par
1011 1619 1060 1666 me
1082 1598 1233 1666 Joannem
1258 1601 1355 1666 Fran

96 1715 216 1778 eiacum
241 1714 411 1780 Beninoasa
435 1715 590 1797 pubiicum
606 1715 637 1781 et
660 1715 869 1782 authenticum
885 1715 1038 1782 notarium
1061 1715 1197 1781 eiusdem
1220 1715 1355 1782 civitatis

97 1831 266 1896 &vennae
288 1830 418 1896 electum
447 1831 640 1914 assumptum
669 1831 700 1896 et
722 1830 903 1915 deputatum
931 1831 1084 1898 nomrium
1107 1832 1138 1897 et
1167 1831 1299 1898 scribam
1322 1831 1355 1896 in

95 1946 182 2010 diota
205 1963 297 2010 musa
320 1945 433 2029 scripta
455 1947 562 2030 rogata
589 1947 620 2014 et
642 1946 797 2031 publicata
827 1947 1018 2013 currentibus
1041 1947 1130 2013 annis
1152 1966 1171 2014 a
1193 1946 1354 2014 nativitate

95 2060 217 2126 domini
233 2060 331 2126 nostri
345 2060 421 2125 Jesu
436 2059 552 2126 Christi
574 2061 739 2128 millesimo
754 2062 1000 2147 quingentesimo
1015 2063 1175 2147 trigesimo
1189 2062 1355 2130 indictione

94 2177 190 2242 tertia
215 2177 349 2260 tempore
378 2177 574 2260 pontificatus
596 2176 733 2244 eiusdem
762 2177 952 2245 serenissimi
972 2178 1091 2244 domini
1118 2179 1215 2246 nostri
1237 2178 1355 2246 domini

96 2291 268 2357 Clementis
291 2293 415 2375 septimi
438 2292 542 2358 divina
556 2293 746 2376 prouidentia
767 2293 920 2377 pontificis
936 2293 1063 2359 maximi
1085 2291 1194 2360 diebus
1217 2314 1295 2375 vero,
1318 2313 1353 2360 ac

96 2407 259 2472 mensibus
280 2407 491 2493 infrascriptis.

188 2522 313 2588 Eisdem
336 2541 423 2602 anno,
446 2524 622 2590 indictionis
637 2527 780 2608 tempore,
802 2525 989 2608 pontificatu,
1014 2528 1078 2592 loco
1093 2527 1124 2592 et
1138 2525 1188 2591 die
1204 2524 1354 2609 vigesima

96 2639 217 2706 mensis
239 2637 373 2722 Augusti
396 2639 433 2705 de
456 2659 545 2706 mane
567 2641 642 2706 hora
662 2640 831 2706 tertiarum.

187 2751 366 2839 Compamit
387 2774 488 2822 coram
520 2774 600 2841 mag.
623 2755 745 2823 domino
768 2756 950 2822 Baidassare
972 2755 1010 2821 de
1028 2757 1196 2824 Bertarolis
1219 2755 1350 2824 Cesenn-

95 2873 184 2936 tense
207 2868 343 2936 civitatis
365 2871 526 2936 Ravemae
549 2873 698 2956 potestate
721 2871 904 2956 dignissimo
923 2871 1046 2938 sedente
1068 2891 1122 2957 pro
1145 2873 1293 2939 tribunali
1316 2877 1350 2939 ut

96 3005 191 3070 supra
215 3005 274 3052 rev.
290 2984 322 3051 in
339 2983 460 3052 Christo
482 2989 568 3070 pater
590 2986 731 3052 dominns
747 2987 882 3054 Joannos
896 2987 1007 3053 Petrus
1022 2988 1161 3053 Ferettus
1184 2987 1240 3054 iun.
1260 2990 1349 3056 atriu.

94 3102 202 3169 doctor
225 3104 347 3167 sanctae
365 3103 527 3170 &vennae
548 3102 691 3169 ecclesiae
712 3102 874 3169 canonicus
897 3102 1143 3186 prothonotarius
1165 3105 1349 3187 apostolicus

94 3217 294 3301 eiusdemque
324 3220 446 3282 sancus
468 3218 711 3284 Rauennatensis
733 3216 876 3284 ecclesiae
899 3217 1030 3284 maanus
1052 3219 1204 3302 generalis
1227 3221 1282 3286 etc.

187 3332 336 3399 Necnon
365 3335 539 3416 procurator
568 3333 756 3399 serenissimi
777 3333 895 3399 domini
918 3334 1015 3400 nostri
1044 3333 1161 3401 domini
1183 3333 1349 3403 Clementia

93 3449 200 3515 divina
223 3447 414 3532 providentia
443 3466 538 3532 papae
561 3449 693 3532 septimi,
723 3467 758 3514 ac
781 3447 910 3514 Sanctae
939 3447 1027 3515 Sedis
1050 3450 1232 3533 apostolieae
1261 3456 1350 3534 prout

94 3565 132 3630 de
155 3564 223 3630 eius
246 3563 467 3647 procurationis
496 3563 641 3630 mandato
663 3565 791 3642 constat,
821 3566 852 3630 et
875 3565 1001 3649 apparet
1023 3583 1058 3631 ox
1080 3565 1201 3649 publico
1230 3566 1347 3633 instru-

95 3683 200 3746 mento
231 3680 345 3763 scripto
367 3681 398 3744 et
427 3680 532 3763 rogato
562 3679 665 3763 perd.
689 3678 1009 3763 VentiumSpathnm
1038 3680 1076 3746 do
1099 3679 1183 3747 Casia
1212 3699 1349 3750 camerae

95 3797 282 3880 apostolicae
303 3796 456 3861 notarium
478 3795 558 3879 quod
581 3794 741 3861 actualiter
763 3795 900 3861 exhibuit
921 3797 953 3862 ot
975 3794 1117 3879 produxit
1137 3795 1171 3861 in
1193 3798 1347 3880 publicam

94 3914 127 3976 et
142 3911 329 3976 autenticam
345 3911 475 3976 formam
497 3929 558 3977 una
572 3930 642 3976 oum
658 3910 756 3976 literis
770 3911 1029 3976 testimonialibus
1052 3928 1106 3995 pro
1126 3910 1348 3995 legitimatione

95 4047 169 4092 suae
200 4043 355 4112 personae.
424 4025 489 4091 Nec
520 4045 580 4093 non
612 4025 749 4093 exhibuit
778 4045 813 4091 ac
843 4027 1030 4109 presentavit
1061 4027 1209 4111 quasdam
1241 4028 1347 4094 literas

94 4145 234 4228 patentes
261 4161 279 4208 u
303 4141 510 4209 sacratissimo
540 4142 568 4208 d.
592 4142 621 4210 d.
651 4140 756 4208 Carolo
783 4142 889 4225 quinto
918 4141 1098 4226 imperatore
1128 4143 1285 4208 emanatas
1315 4142 1347 4208 iu

93 4279 207 4344 papyro
232 4259 362 4343 scriptas
385 4277 419 4324 ao
443 4259 546 4342 sigilio
562 4257 640 4323 sacri
655 4256 775 4342 imperii
805 4257 959 4341 sigillatas
981 4255 1062 4324 dicto
1085 4257 1112 4322 d.
1128 4257 1274 4341 potestati
1296 4257 1345 4324 di·

94 4378 224 4444 rectivas
247 4395 324 4460 qaas
339 4375 461 4441 instetit
482 4374 602 4459 aperiri,
625 4376 656 4440 et
678 4373 741 4458 legi
763 4391 799 4440 ao
821 4373 895 4452 fieri,
918 4372 1066 4451 mandari,
1089 4374 1119 4438 et
1134 4373 1240 4457 exequi
1263 4373 1347 4440 iuxta

94 4495 124 4560 et
147 4493 316 4561 secundum
338 4511 442 4560 earum
465 4494 601 4558 tenorem
624 4493 655 4556 et
670 4489 889 4558 continentium
912 4509 966 4558 neo
981 4489 1139 4576 non‘eiigi
1161 4493 1193 4556 et
1208 4489 1346 4574 deputari
