3258 4904
752 341 997 410 ...450-

249 535 369 602 videtur
391 535 470 621 qnod
492 537 643 620 exprimat
664 536 775 621 quibus
789 535 902 604 intedit
924 537 970 603 uti
992 536 1025 602 iu
1040 536 1132 604 dictis
1154 536 1326 623 privilegiis
1348 537 1515 604 contentis

247 671 316 718 cum
342 653 384 718 sit
406 653 592 736 superfluum
615 653 780 737 exprimere
802 654 914 738 quibus
928 653 996 720 vult
1018 653 1065 719 nti
1087 672 1158 720 cum
1181 653 1245 719 sint
1266 653 1450 737 exemplata,
1477 655 1515 720 et

248 768 353 834 audita
379 771 411 834 et
431 770 511 835 lecta
538 768 625 853 copia
653 768 803 834 dictomm
832 769 1071 854 exemplatorum
1101 769 1150 836 vel
1177 769 1449 853 exemplandomm
1476 772 1513 836 et

248 887 405 969 propterea
427 904 489 951 non
517 885 615 952 teneri
636 885 684 966 ad,
697 863 926 970 exprimendum
956 886 1047 951 aliter
1068 905 1124 952 neo
1146 885 1206 953 alio
1228 886 1326 965 modo,
1355 887 1388 952 et
1411 887 1514 969 prout

247 1019 423 1085 expressum
447 1000 513 1066 tirit
544 1001 624 1067 Item
647 1000 766 1068 dicente
787 1001 886 1087 quoad
907 1002 985 1068 illud
1000 1003 1080 1086 quod
1103 1001 1215 1068 dicitur
1237 1021 1298 1068 non
1320 1001 1429 1069 debere
1444 1001 1510 1067 de-

248 1115 345 1181 veniri
367 1116 405 1183 ad
433 1117 685 1202 exemplationem
716 1119 935 1202 scripturarum
964 1117 1169 1201 predictarum
1198 1120 1229 1184 et
1250 1118 1400 1184 libromm
1429 1137 1511 1183 eum

247 1251 307 1297 non
331 1232 395 1298 sint
417 1233 593 1300 authentice
616 1233 670 1302 sed
692 1234 794 1317 potins
816 1233 955 1317 exempla
976 1237 1007 1300 et
1030 1234 1149 1302 dicente
1163 1235 1263 1300 totum
1285 1252 1352 1300 esse
1373 1235 1509 1300 contra-

245 1350 327 1414 rium
350 1348 431 1433 quod
453 1349 498 1415 eis
520 1348 596 1415 fides
618 1351 667 1415 est
689 1349 870 1430 adhibenda,
899 1369 970 1416 cum
992 1349 1056 1416 sint
1077 1349 1241 1435 originalia
1262 1348 1342 1430 libri
1364 1353 1397 1416 et
1420 1350 1510 1414 scri-

246 1465 353 1548 pturae
376 1463 609 1548 antiquissimae
625 1467 740 1549 reperte
763 1467 797 1533 in
819 1465 954 1533 archivio
968 1467 1090 1551 publico
1113 1466 1223 1552 quibus
1245 1465 1320 1532 fides
1335 1465 1511 1531 adhibetur

246 1600 282 1647 ex
304 1581 402 1647 torma
416 1581 493 1646 iuris
515 1583 547 1648 et
568 1581 796 1648 consuetudinis
819 1583 954 1650 civitatis
977 1582 1137 1650 Revennae
1160 1633 1323 1650 ......
1346 1581 1412 1646 illis
1435 1599 1508 1647 non

245 1697 387 1764 obstante
402 1700 548 1781 tanqum
563 1696 682 1764 frivolis
697 1701 730 1764 et
743 1698 946 1765 frustratoriis
969 1717 1004 1765 ac
1019 1699 1216 1765 calumniosis
1230 1697 1381 1763 instantes
1397 1695 1509 1763 dictas

246 1813 411 1897 scripturas
433 1815 469 1878 ut
491 1832 582 1898 supra
596 1814 769 1898 exemplari,
792 1815 959 1882 auscultari
980 1817 1013 1881 et
1027 1815 1217 1894 autenticam,
1231 1814 1341 1898 quibus
1362 1812 1506 1880 authen·

245 1929 349 1995 ticads
371 1928 447 1995 tides
462 1928 637 1997 omnimoda
652 1929 711 1996 erit
725 1933 757 1996 et
771 1933 820 1997 est
841 1930 1013 1998 adhibenda
1036 1932 1070 1998 ut
1084 1931 1151 1997 iura
1166 1930 1280 2010 volunt,
1296 1931 1415 1996 attenua
1430 1928 1508 1995 eius

245 2043 461 2129 antiquissima
483 2047 600 2124 natura,
623 2048 655 2113 et
676 2045 812 2130 predicta
835 2047 919 2114 omni
941 2045 1062 2114 meliori
1083 2047 1173 2114 modo
1195 2047 1252 2112 eto.

333 2161 477 2227 Prescnto
500 2160 581 2228 dicto
603 2160 632 2227 d
655 2161 783 2227 Nicolao
805 2162 886 2230 dicto
909 2163 1040 2242 nomine,
1062 2164 1093 2228 et
1115 2161 1260 2246 predictis
1282 2181 1342 2228 non
1364 2180 1506 2227 consen·

244 2275 338 2342 tiento
360 2279 392 2343 ct
414 2276 533 2344 decute
554 2278 635 2362 quod
664 2279 765 2344 stante
787 2278 885 2344 torma
914 2277 1064 2344 datarum
1085 2277 1244 2344 literarum
1267 2297 1327 2344 non
1349 2295 1417 2343 csse
1440 2277 1505 2344 de-

243 2391 425 2460 veniendum
446 2412 502 2461 nec
523 2393 659 2461 deveniri
681 2392 771 2460 debet
793 2393 833 2460 ad
855 2394 970 2461 dictam
992 2395 1256 2474 auscultationem,
1279 2395 1310 2460 et
1324 2395 1504 2460 tramsum-

243 2508 411 2592 ptationem
434 2509 495 2575 nisi
525 2509 644 2578 servata
665 2509 747 2575 dicta
775 2510 874 2576 forma
895 2510 929 2575 in
950 2510 1027 2595 ipsis
1055 2510 1164 2590 literis,
1188 2509 1247 2576 etsi
1270 2527 1356 2576 secus
1377 2509 1504 2576 sactum

242 2623 334 2689 tuerit
360 2626 547 2709 protestante
579 2625 691 2691 itemm
720 2625 758 2692 de
787 2626 946 2707 nullitate,
978 2627 1167 2712 neganthue
1199 2625 1343 2691 habuisse
1373 2625 1504 2709 copiam

242 2738 377 2823 aliquam
399 2738 513 2807 iurium
535 2741 830 2825 transumptatomm
860 2740 913 2807 sed
936 2739 1036 2809 solum
1059 2741 1177 2826 copiam
1205 2741 1318 2806 iunium
1341 2759 1419 2825 quae
1441 2761 1503 2824 per

242 2855 362 2938 partem
376 2855 535 2922 adversam
550 2856 716 2923 auscultari
730 2859 884 2941 petuntur,
905 2858 979 2924 licet
993 2857 1031 2924 de
1045 2856 1110 2925 iure
1125 2856 1291 2924 auscultari
1306 2875 1367 2922 non
1381 2856 1503 2924 debent

242 2973 327 3036 omni
349 2969 468 3038 meliori
490 2971 580 3038 modo
603 2973 658 3038 etc.

329 3087 476 3154 Presente
497 3087 614 3171 pretato
636 3108 659 3154 r.
675 3086 798 3155 domino
812 3088 860 3156 Jc.
877 3089 968 3156 Petro
990 3090 1181 3174 procuratore
1203 3087 1313 3172 prefati
1337 3108 1360 3154 s.
1376 3085 1500 3154 domini

241 3202 339 3269 nostri
360 3205 392 3268 et
413 3203 549 3269 instante
571 3222 607 3269 ac
628 3204 749 3288 petente
772 3206 806 3270 ut
830 3223 921 3288 supra
944 3205 1028 3272 omni
1051 3203 1170 3272 meliori
1193 3203 1283 3270 modo
1306 3205 1362 3270 cto.

328 3318 453 3385 Eisdem
481 3336 560 3384 anno
588 3318 754 3385 indictione
782 3321 918 3405 tompore
940 3321 1119 3403 pontificatu
1150 3338 1255 3386 mense
1285 3318 1333 3385 dic
1363 3338 1399 3384 ac
1427 3319 1498 3386 loco

240 3434 350 3517 qulbus
374 3453 472 3518 supra

329 3547 505 3633 Comparuit
526 3569 627 3616 coram
650 3549 814 3634 magnifico
836 3551 864 3618 d.
880 3552 1031 3635 potestate
1054 3552 1085 3618 et
1107 3551 1263 3617 executore
1279 3550 1403 3617 sedente
1426 3554 1496 3631 etc,

240 3685 263 3730 r.
286 3663 314 3730 d
336 3664 386 3731 Jo.
415 3665 525 3731 Petrus
554 3665 710 3732 Ferrettus
740 3665 871 3733 meamus
901 3669 957 3733 cto.
980 3667 1011 3733 et
1039 3667 1215 3750 procurator
1238 3685 1262 3732 s.
1286 3666 1314 3732 d.
1338 3685 1367 3732 n
1398 3669 1430 3732 et
1460 3667 1496 3732 in

240 3779 412 3864 supradicto
427 3781 558 3846 termino
573 3778 612 3845 ad
627 3781 868 3866 exemplandum,
892 3785 923 3848 et
937 3780 1226 3866 hansumptandum
1241 3781 1310 3847 iura
1325 3782 1496 3866 scripturas

238 3897 271 3961 et
292 3893 396 3976 libros,
419 3897 450 3961 et
471 3895 533 3960 alia
555 3895 621 3962 iuro
635 3915 689 3980 pro
711 3899 798 3981 parte
820 3917 844 3964 s.
860 3897 889 3963 d
903 3920 932 3964 n.
949 3900 980 3964 et
1002 3897 1040 3963 ad
1062 3896 1252 3982 probandum
1275 3897 1373 3963 dictos
1395 3897 1495 3964 libros

238 4009 380 4078 videlicet
402 4010 575 4078 nominatos
597 4011 630 4076 in
653 4011 731 4077 actis
761 4015 900 4096 superius
922 4013 1016 4080 tuisse
1038 4015 1070 4079 ot
1092 4031 1158 4078 esse
1180 4011 1345 4096 originalia
1367 4014 1399 4078 ot
1422 4031 1492 4078 ma-

238 4125 338 4206 trices,
369 4127 401 4192 et
423 4125 623 4205 authenticae,
655 4127 686 4193 et
708 4126 811 4207 fuisse,
843 4129 873 4194 et
902 4145 969 4194 cese
998 4128 1035 4195 de
1064 4127 1206 4207 archivio,
1239 4127 1271 4193 et
1293 4127 1327 4192 in
1356 4127 1493 4195 archivio

239 4242 361 4308 sanctae
390 4241 577 4308 Ravennatis
608 4241 758 4322 ecclesiae,
789 4243 820 4307 et
849 4241 964 4309 eisdem
986 4241 1075 4309 libris
1105 4261 1224 4327 semper
1252 4241 1348 4308 trisse
1371 4243 1493 4308 stesso

239 4354 411 4422 adhibitam
425 4357 546 4440 plenam
570 4358 601 4422 et
617 4355 823 4423 indubitatam
838 4357 930 4424 fidem
953 4359 991 4424 ab
1007 4357 1149 4424 omnibus
1171 4357 1204 4423 iu
1219 4356 1333 4424 iudicio
1347 4359 1380 4424 et
1397 4359 1491 4438 extra

238 4471 270 4531 ct
292 4467 330 4530 ad
345 4467 467 4532 eosdem
490 4469 584 4534 libros
600 4488 718 4554 semper
733 4470 905 4537 adhibitam
927 4472 1022 4538 luisse
1042 4474 1073 4537 et
1089 4491 1155 4538 csse
1170 4491 1326 4538 reversum
1342 4473 1489 4557 tunquam
