3152 4902
772 273 1017 339 -156-

858 499 930 567 113.

796 661 993 726 Caesari.

355 811 520 882 Carissimo
534 817 590 882 eto.
637 815 847 903 Superioribus
870 819 978 887 diebus
992 841 1063 888 oum
1077 822 1111 889 in
1132 840 1168 889 eo
1182 841 1280 908 opero,
1302 825 1391 910 atque
1405 826 1496 900 oficio,

266 931 345 1012 quod
362 934 537 1018 susceptum
552 953 571 999 a
585 934 674 1001 nobis
689 934 742 1002 diu
764 938 835 1004 ante
858 937 958 1004 tuerat
972 937 1176 1024 procurandae
1199 942 1231 1006 et
1246 939 1413 1008 suadendae
1426 961 1494 1006 oom-

266 1049 369 1114 munis
392 1049 475 1132 pacis
491 1050 745 1135 perseverandum
767 1071 834 1120 esse
849 1053 1103 1134 existimaremus,
1126 1056 1216 1140 atquo
1239 1075 1273 1122 oo
1290 1057 1384 1124 eliam
1405 1057 1496 1142 magis,

265 1164 346 1250 quod
367 1166 484 1252 insigni
506 1166 545 1233 ad
561 1169 591 1234 te
607 1169 638 1233 et
652 1168 846 1236 memorabili
867 1169 994 1238 victoria
1008 1170 1155 1238 divinitas
1178 1172 1288 1252 delata
1313 1173 1429 1240 sedatm
1445 1173 1496 1238 iam

266 1283 481 1365 contentiones,
512 1285 544 1351 st
572 1283 611 1350 ad
640 1284 791 1369 optimum
821 1304 857 1352 ao
886 1286 1095 1354 iustissimum
1123 1288 1293 1374 principem
1322 1309 1410 1356 omne
1429 1288 1497 1374 pacis

265 1399 427 1466 arbitrium
456 1399 593 1468 dolatum
621 1400 795 1482 ridebatur,
826 1402 972 1470 nuscum
1001 1403 1101 1472 filium
1126 1406 1267 1472 nosbum
1295 1405 1441 1472 Joannom
1465 1423 1496 1470 ss.

266 1513 374 1582 Cosme
397 1517 428 1581 et
449 1516 597 1583 Damiani
617 1517 693 1584 diac.
717 1518 844 1584 cardlem
866 1519 904 1586 de
927 1518 1073 1587 Salviatis
1095 1522 1236 1588 nostrum
1260 1522 1423 1590 secundum
1442 1540 1497 1586 car·

264 1650 337 1698 nem
365 1633 521 1717 nopotem,
552 1632 589 1700 de
619 1652 684 1700 ren
714 1634 845 1702 fratrum
874 1637 1047 1703 nostrorum
1076 1637 1204 1704 consilio
1233 1637 1274 1704 ad
1303 1643 1408 1705 eornm
1427 1639 1498 1702 mam

265 1747 401 1832 legebam
431 1747 468 1815 de
497 1750 591 1816 latere
620 1749 857 1829 destinavimus;
887 1752 940 1836 qui
968 1752 1066 1820 animi
1092 1753 1192 1820 nostri
1219 1753 1342 1839 penitus
1371 1752 1499 1821 muudus

263 1866 460 1951 versatusque
481 1865 515 1932 in
537 1865 801 1935 administratione
823 1888 925 1935 rerum
947 1888 1061 1948 aarum
1083 1869 1206 1955 rigente
1220 1870 1316 1937 etiarn
1337 1871 1406 1936 turn
1425 1868 1499 1943 bello,

263 2000 340 2066 qnae
361 1981 410 2048 illi
431 2001 485 2066 per
506 2000 562 2048 nos
584 1983 617 2050 in
638 1983 784 2068 proximis
805 1984 881 2050 locis
896 1985 1071 2053 Placentiae
1092 1988 1125 2052 et
1138 1987 1268 2053 Parmae
1290 1986 1411 2054 buerant
1423 2004 1498 2052 man·

264 2098 362 2180 datae,
385 2099 489 2166 omnia
510 2100 616 2167 nostra
639 2100 767 2168 consilia
796 2100 835 2167 ad
856 2103 887 2168 to
909 2102 1013 2186 posset
1034 2102 1174 2187 perferre.
1221 2101 1375 2183 Quicum
1396 2101 1500 2168 aditor

265 2236 297 2282 se
319 2217 448 2300 pararet
470 2217 610 2301 essetque
624 2235 678 2302 por
694 2215 829 2284 Galbam
851 2217 1049 2303 profectums,
1072 2218 1116 2286 ibi
1139 2237 1256 2304 quoquo
1280 2237 1437 2304 sparsurus
1458 2237 1498 2283 oo·

262 2332 347 2398 mina
369 2332 453 2416 pacis
475 2333 508 2399 ot
531 2333 708 2400 hortaturus
730 2333 936 2402 sacrationes
959 2333 998 2401 ad
1012 2353 1119 2420 pacem
1134 2335 1439 2420 summissionomquo
1451 2333 1500 2400 tibi

261 2451 293 2516 et
314 2448 422 2516 victori
450 2450 482 2517 et
510 2446 633 2516 Caesari
658 2449 888 2534 praestandam,
917 2451 1124 2520 intelleximus
1154 2451 1235 2536 quod
1264 2471 1396 2537 magnae
1423 2451 1498 2518 nobis

261 2565 411 2649 uoluptati
425 2564 493 2646 brit,
514 2565 618 2650 ipsum
632 2565 827 2632 carissimum
848 2567 882 2634 in
897 2565 1018 2634 Christo
1041 2567 1141 2634 lilium
1163 2568 1301 2634 nostrum
1317 2568 1499 2635 handmum

262 2700 365 2767 regern
388 2680 680 2748 christianissimum
696 2679 735 2747 ad
756 2683 788 2748 te
801 2681 964 2750 deductum
987 2683 1034 2748 iri
1080 2679 1146 2764 Quo
1168 2683 1278 2750 nuncio
1294 2703 1415 2770 sperare
1430 2685 1499 2750 cerlo

262 2798 425 2883 coepimus,
447 2817 515 2865 eam
531 2817 624 2882 quarn
645 2799 803 2884 tantopere
827 2818 946 2884 comper
967 2798 1216 2880 desideravimus,
1239 2819 1295 2867 noe
1311 2801 1445 2868 celeriter
1458 2799 1498 2864 oi·

263 2933 349 2981 suros
378 2933 446 2996 osso
467 2933 582 3000 pacem,
612 2915 643 2982 st
665 2913 787 3000 quidem
809 2915 843 2982 in
865 2916 962 2984 tantis
985 2916 1224 2995 calamitatibus,
1246 2917 1278 2982 ot
1299 2936 1393 3002 propo
1415 2915 1499 2982 ruinis

262 3050 362 3098 rorum
385 3029 537 3108 omnium,
560 3049 638 3114 quae
659 3031 807 3098 afflictam
829 3031 1087 3098 christianitatem
1110 3030 1243 3117 undique
1264 3035 1417 3116 premunt
1439 3031 1499 3098 mi·

261 3165 330 3214 cum
354 3147 492 3232 superest
513 3145 681 3214 remedium
703 3147 808 3230 optata
829 3164 896 3231 pax,
918 3146 952 3212 in
975 3165 1139 3232 congressu
1161 3149 1264 3214 autem
1288 3150 1390 3215 vestm
1412 3147 1498 3231 inspi-

261 3264 346 3330 rante
369 3265 440 3330 tuas
455 3265 533 3330 senti
550 3262 623 3344 Deo,
646 3281 723 3348 quae
736 3262 798 3348 ipsi
819 3264 923 3348 grata,
946 3263 1000 3330 tuo
1014 3263 1132 3330 nomini
1145 3263 1311 3330 honorilice
1335 3267 1415 3346 sunt
1436 3283 1497 3330 oon·

261 3377 430 3448 lidebamus
452 3379 602 3446 rationem
624 3377 798 3446 concordiae
812 3379 845 3446 ot
866 3378 1096 3463 compositionis
1111 3379 1235 3447 omnino
1250 3399 1317 3446 esse
1332 3379 1499 3450 ineundam

259 3495 384 3580 proinde
406 3513 442 3562 ea
464 3514 518 3580 spe
539 3497 571 3563 et
592 3495 693 3562 letitia
720 3493 852 3576 excitati,
874 3496 994 3563 mutato
1017 3496 1152 3575 consilio,
1176 3495 1385 3580 supradictum
1408 3493 1496 3562 cardi·

260 3613 361 3680 nalem
390 3612 536 3697 legatum,
565 3611 618 3696 qui
646 3611 705 3678 iter
733 3631 787 3697 per
815 3612 930 3680 terram
951 3613 1113 3702 habiturus
1144 3613 1218 3692 orat
1241 3612 1400 3679 maritima
1420 3610 1497 3679 nari·

260 3727 382 3814 gationo
411 3727 458 3796 uti
486 3727 648 3808 iussimus,
681 3747 740 3814 quo
769 3727 896 3795 celerius
925 3727 1005 3796 istuc
1027 3727 1212 3815 pervenirem
1241 3728 1321 3814 quod
1350 3730 1382 3795 et
1404 3728 1429 3794 si
1454 3727 1498 3792 bis

260 3843 454 3929 paucissimis
477 3842 585 3912 diebus
600 3845 666 3912 erat
688 3843 839 3924 futurum,
862 3845 968 3912 tamen
989 3845 1070 3912 buno
1085 3843 1280 3912 tabellarium
1302 3863 1374 3911 oum
1396 3842 1497 3910 littorb

258 3979 418 4046 properare
452 3961 525 4028 ants
553 3959 716 4042 iussimus,
748 3961 835 4028 tuam
864 3965 969 4028 ser.toto
998 3961 1032 4028 in
1064 3961 1197 4029 Domino
1227 3959 1430 4040 obtestantes,
1465 3959 1494 4022 ut

259 4076 379 4161 quaudo
401 4094 482 4144 nuno
503 4076 603 4144 onmis
631 4077 691 4144 tibi
712 4095 731 4144 a
754 4095 874 4146 summo
896 4076 961 4145 Deo
991 4077 1141 4162 permissa
1162 4076 1210 4142 cot
1237 4075 1404 4159 placandae
1423 4073 1496 4141 obri·

260 4191 430 4260 stianitatia
452 4193 597 4277 potestas,
618 4191 664 4259 ita
686 4193 733 4260 uti
754 4211 790 4259 oa
812 4193 898 4274 velis,
926 4195 962 4260 ut
983 4195 1037 4258 tua
1059 4191 1175 4276 optima
1197 4191 1228 4256 et
1250 4189 1497 4258 christianissima

261 4327 356 4388 mons,
379 4311 411 4376 ot
432 4309 556 4393 publica
577 4309 715 4376 omnium
736 4309 877 4395 gentium
899 4307 1065 4393 expectatio
1087 4309 1123 4375 st
1140 4305 1281 4390 pollicere
1303 4309 1335 4374 et
1357 4308 1498 4393 postulm

259 4422 407 4489 ridentur.
458 4423 534 4504 Nos,
555 4427 643 4491 utet
664 4423 763 4490 officio
785 4427 889 4492 nostro
912 4422 1145 4504 satisfaciamus,
1172 4423 1205 4492 et
1224 4421 1389 4510 participes
1412 4423 1496 4490 sirum
