3192 4930
765 255 987 322 ..32-

248 456 312 521 Deo
334 449 450 536 placuit
471 469 488 516 e
510 448 575 514 vita
597 447 777 514 decessisse:
799 450 925 514 vacante
947 449 1031 514 enim
1053 449 1134 517 dicto
1156 451 1301 534 prioratu
1332 455 1434 520 mullis
1453 454 1485 520 de

249 571 350 636 causis
378 570 414 634 ut
442 565 654 652 gratissimam
683 565 771 630 nobis
800 583 962 648 personam
991 567 1023 631 et
1052 566 1119 631 tum
1150 568 1214 633 suis
1236 569 1401 636 virtutibus
1428 572 1485 636 brrn

247 686 384 752 familiae
406 683 557 768 dignitate
580 681 806 747 nobilissimam
836 679 896 746 tibi
924 681 1206 749 mmmendaremus
1235 705 1343 751 sumus
1367 685 1484 764 adducti

248 821 324 887 quae
347 803 402 866 abs
424 802 455 865 te
476 798 525 864 illi
553 797 701 880 prioratui
722 798 754 862 et
776 798 840 862 loco
869 797 1087 879 praeficeretur.
1140 797 1211 865 Non
1233 801 1317 867 enirn
1346 801 1486 869 devotioni

247 919 317 984 tusa
345 916 487 1002 morum
515 914 701 978 arbitramur
722 913 754 978 a
775 930 851 997 quae
874 910 916 977 so
938 911 1047 977 samus
1076 913 1108 979 aa
1129 913 1266 981 famina
1289 916 1328 983 a
1351 887 1485 984 arumna

248 1033 392 1100 nobilitas
415 1033 446 1096 et
475 1030 589 1113 quanta
617 1027 757 1093 inomni
786 1045 895 1110 genere
922 1027 1050 1094 laudum
1078 1047 1114 1094 ac
1143 1029 1294 1098 virtutum
1322 1034 1483 1112 secanae

249 1169 343 1234 quam
359 1147 487 1212 dilectus
510 1145 594 1210 filius
609 1146 712 1209 noster
726 1143 889 1227 Pompeius
904 1142 933 1208 J.
950 1143 1113 1209 cardinalis
1130 1143 1278 1212 Columna
1301 1149 1366 1214 suis
1380 1168 1485 1233 quoque

246 1265 366 1330 meritis
395 1262 507 1329 clarius
529 1259 674 1338 illustrat,
703 1259 753 1324 oui
782 1277 838 1324 nos
860 1259 978 1324 homini
1006 1259 1148 1325 omnibus
1178 1264 1366 1330 ornamentis
1394 1263 1485 1349 dignis

246 1381 300 1446 illo
323 1381 388 1445 loeo
411 1379 442 1444 et
473 1377 585 1442 honore
615 1374 817 1458 amplissimis
847 1373 983 1457 praedito
1012 1376 1161 1458 quantum
1190 1376 1356 1445 debeamus
1379 1399 1483 1464 quaque

245 1494 415 1579 praestanti
436 1490 646 1558 benevolentia
668 1493 700 1556 et
721 1491 846 1573 paterno
862 1509 963 1556 amore
985 1490 1075 1554 illum
1097 1492 1335 1574 complectamur
1357 1494 1484 1560 omnibus

245 1612 349 1695 patere
371 1609 486 1693 potest:
516 1607 607 1671 huius
630 1605 726 1689 igitur
748 1605 876 1672 fratrem
904 1624 1086 1689 germanum
1115 1605 1262 1672 dilectum
1284 1609 1374 1675 nobis
1396 1609 1483 1674 filium

245 1725 427 1791 Marcellum
448 1722 485 1787 de
501 1721 649 1786 Columna
663 1723 804 1804 optamus
827 1740 845 1785 a
861 1722 891 1786 te
906 1721 963 1786 boo
977 1739 1102 1787 munere
1117 1723 1220 1788 ornari
1241 1724 1272 1789 et
1294 1725 1365 1791 tuae
1380 1744 1483 1810 quoqne

244 1842 281 1908 de
304 1841 358 1906 illo
379 1838 531 1922 opinionis
553 1835 664 1903 iudicio
692 1836 850 1920 insigniri:
879 1855 938 1920 quo
961 1836 1105 1903 beneficio
1128 1856 1190 1903 non
1211 1857 1309 1906 uuum
1331 1840 1482 1918 hominem.

245 1974 431 2042 quamquam
459 1955 561 2038 ipsum
589 1971 644 2036 per
674 1970 705 2017 se
728 1951 813 2017 omni
841 1951 953 2017 honore
982 1950 1210 2036 dignissimum,
1241 1954 1293 2021 sed
1323 1957 1484 2024 universam

244 2072 333 2138 illam
356 2070 509 2136 familiam
532 2067 591 2132 tibi
613 2069 644 2132 et
666 2066 765 2132 ordini
780 2066 832 2131 tuo
855 2066 1049 2132 devinctums
1072 2087 1120 2133 es:
1143 2067 1228 2134 cuius
1244 2088 1335 2153 opera
1350 2073 1382 2138 et
1394 2070 1486 2156 gratia

244 2190 276 2255 et
298 2186 462 2253 auotoritas
492 2203 585 2268 quam
614 2182 674 2248 tibi
702 2183 851 2266 rebusque
880 2182 1002 2247 tuisse
1030 2184 1153 2248 tuorum
1176 2183 1210 2249 in
1231 2186 1376 2252 maximis
1404 2188 1485 2252 rebus

243 2303 315 2368 usui
335 2321 401 2368 esse
431 2300 558 2384 possint
588 2299 743 2364 malumus
766 2299 796 2363 te
819 2298 993 2364 existimare
1022 2316 1115 2382 quam
1136 2317 1193 2364 nos
1223 2301 1362 2368 seribere.
1406 2301 1486 2368 Nihil

244 2419 324 2485 corte
346 2415 532 2501 querendum
554 2414 657 2480 estin
679 2414 729 2480 bis
751 2413 805 2497 qui
826 2413 866 2478 ad
888 2413 965 2478 tales
988 2414 1190 2497 preceptorias
1213 2416 1268 2481 aut
1289 2416 1439 2500 prioratus
1458 2418 1487 2482 et

244 2534 344 2600 officia
367 2531 560 2616 requiruntur
583 2529 662 2613 quod
684 2547 745 2595 non
766 2530 921 2594 cumulate
943 2528 977 2593 in
998 2529 1055 2594 hoo
1070 2528 1214 2596 Marcello
1236 2529 1321 2597 insit.
1367 2531 1445 2598 Nam
1458 2533 1487 2596 et

243 2650 277 2715 in
298 2648 476 2732 periculosis
499 2665 534 2711 ao
549 2645 726 2710 difficilibus
749 2644 839 2709 rebus
855 2627 1003 2727 magnum
1025 2663 1061 2710 os
1083 2644 1168 2710 illius
1184 2645 1296 2712 virtute
1313 2647 1486 2726 subsidium

243 2764 330 2831 etin
357 2763 475 2847 pacatis
498 2762 588 2845 atque
618 2759 793 2844 tranquillis
816 2761 1029 2825 ornamentum
1050 2759 1103 2825 tuo
1126 2760 1224 2826 ordini
1246 2763 1410 2829 venturum
1431 2763 1486 2828 est:

244 2883 275 2948 et
297 2899 358 2946 non
379 2878 477 2962 ipsius
507 2876 607 2943 solum
630 2875 682 2942 sed
712 2874 914 2958 complurium
937 2874 990 2958 qui
1019 2875 1067 2939 illi
1089 2876 1312 2944 necessitudine
1341 2876 1487 2944 coniuncti

246 2997 325 3074 sunt
347 2993 517 3060 illustrium
539 2994 570 3057 et
592 2991 719 3056 fortium
741 2991 876 3056 virorum
898 2989 996 3056 virtus
1020 3010 1139 3075 semper
1153 2993 1240 3057 vobis
1263 2995 1369 3076 parata
1392 2995 1487 3060 nan

244 3114 306 3176 est:
337 3111 371 3174 ut
392 3108 542 3173 maximos
572 3105 706 3190 quotidie
735 3105 851 3171 fruotrrs
875 3105 922 3170 tui
949 3105 1075 3171 huiusce
1097 3106 1134 3172 de
1156 3127 1190 3173 eo
1214 3106 1319 3174 iudicii
1348 3110 1393 3176 sis
1421 3129 1485 3194 per·

243 3227 393 3311 capturus.
432 3220 516 3304 Quae
538 3241 608 3287 oum
629 3221 674 3286 ita
698 3221 769 3300 sint,
791 3239 905 3304 nosque
921 3221 973 3304 qui
995 3221 1028 3287 in
1044 3222 1186 3288 omnibus
1200 3224 1385 3306 potestatem
1408 3227 1486 3291 tuam

244 3342 383 3408 uolumus
406 3339 529 3404 firmam
551 3339 583 3403 et
604 3336 759 3401 illibatam
780 3355 956 3420 permanere
978 3337 1035 3402 hoo
1050 3355 1068 3402 a
1083 3339 1114 3403 te
1136 3339 1223 3404 tanto
1247 3339 1348 3406 studio
1366 3343 1485 3408 conten·

244 3457 361 3535 damus,
384 3455 542 3519 hortamur
571 3451 762 3518 devotionem
784 3454 870 3517 tuam
892 3452 925 3516 in
947 3452 1070 3520 domino
1093 3455 1124 3519 et
1146 3456 1270 3537 paterne
1292 3455 1434 3540 petimus,
1455 3456 1486 3520 nt

242 3572 300 3637 hac
322 3573 427 3636 nostra
448 3568 540 3634 huius
562 3569 607 3633 rei
629 3569 770 3652 percepta
783 3568 949 3648 voluntate,
970 3567 1024 3634 des
1047 3570 1078 3635 te
1099 3569 1144 3634 its
1162 3572 1338 3654 promptum
1360 3571 1392 3637 et
1414 3570 1485 3637 feci·

242 3688 303 3753 lem
327 3685 366 3751 ad
388 3684 623 3769 gratificandum
645 3683 780 3750 familiae
803 3685 867 3749 tam
890 3683 1006 3750 illustri
1028 3702 1064 3750 ac
1085 3684 1239 3768 imprimis
1267 3685 1328 3770 ipsi
1349 3685 1488 3772 Pompeio

243 3800 392 3869 cardinali
414 3802 448 3865 ut
470 3817 576 3865 omnes
606 3798 783 3883 intelligant
810 3799 918 3865 haberi
940 3800 978 3864 ab
1001 3802 1032 3865 te
1054 3819 1122 3866 eam
1145 3818 1238 3884 quam
1266 3800 1352 3867 decet
1373 3803 1489 3886 praeter

241 3917 417 3983 nostrarum
432 3915 683 3981 intercessionum
699 3915 729 3982 et
738 3915 861 3981 virtutis
877 3916 908 3980 et
923 3914 1094 3981 nobilitatis
1109 3916 1141 3980 et
1155 3914 1316 4000 dignitatis
1331 3915 1488 3994 rationem

241 4033 409 4116 domusque
429 4032 518 4096 tanta
539 4032 630 4115 atque
652 4029 725 4095 talis
747 4049 801 4114 pro
824 4031 881 4096 tali
909 4030 1054 4097 beneficio
1076 4032 1254 4115 perpetuam
1275 4031 1334 4097 tibi
1355 4031 1487 4116 gratim

242 4151 274 4215 et
301 4148 412 4214 merito
440 4148 472 4213 et
499 4147 631 4212 libenter
659 4145 775 4213 debeat
821 4142 909 4226 Quod
937 4147 995 4212 erit
1023 4146 1111 4213 nobis
1141 4146 1273 4213 maxime
1301 4149 1490 4232 expectaturus

242 4266 274 4332 et
295 4265 435 4348 matum:
479 4263 597 4328 Datum
618 4263 734 4330 Romae
756 4263 811 4329 eto.
856 4262 915 4330 Die
930 4261 999 4328 srvi
1014 4261 1197 4330 Nouembris
1212 4261 1359 4329 mdxriiii
1401 4261 1491 4330 Anno

243 4379 382 4447 amando.
