3258 4904
722 166 966 234 -470-

217 369 392 439 authentia,
414 367 507 440 fidam
523 359 639 428 facirmt
661 379 722 428 non
736 364 858 430 uncum
873 363 906 430 in
922 362 1009 430 dicta·
1025 364 1149 432 civitate
1165 366 1219 432 sed
1236 368 1331 432 etiam
1345 365 1477 451 quando

216 488 347 574 contigit
368 489 402 555 in
425 488 498 553 urbe
521 485 619 550 Roma
641 499 695 564 pro
718 479 820 564 aliqua
842 480 906 560 lite,
929 481 961 546 et
981 480 1015 547 in
1037 480 1107 546 aliis
1129 482 1214 562 locis,
1236 485 1268 548 et
1289 501 1349 548 non
1365 483 1477 548 solum

215 605 308 672 dictis
331 603 489 688 scripturis
512 598 566 666 sed
587 595 916 680 transumptationibus
938 595 1028 663 iactis
1043 615 1078 662 ex
1100 597 1154 676 eis,
1176 599 1208 664 et
1228 598 1273 664 ita
1287 597 1346 664 huit
1368 600 1477 664 otest

215 721 337 788 veritae
368 720 447 785 Item
471 716 549 782 dixit
570 713 650 798 quod
671 713 749 780 liber
764 731 894 796 magnus
917 712 1121 793 conciliorum,
1144 715 1176 780 et
1189 714 1266 780 liber
1288 713 1477 780 intitulatus

218 836 344 902 Chonica
366 831 535 910 Bicobaldi
563 831 594 896 et
616 829 677 896 alia
700 829 798 894 multa
818 828 988 914 privilegia,
1011 831 1042 895 et
1064 830 1230 914 scripturae
1252 829 1313 895 sibi
1333 831 1478 908 osmnsa,

216 969 335 1035 semper
357 951 388 1015 et
417 948 558 1014 continue
581 965 599 1010 a
622 947 757 1028 tempore
786 963 845 1028 quo
867 944 933 1029 ipso
956 945 1129 1012 recordatur
1158 947 1307 1012 steterunt
1328 946 1361 1011 in
1384 945 1476 1012 dicto

215 1065 348 1132 archivio
371 1084 425 1130 seu
447 1061 606 1145 cartilogio
635 1079 696 1124 nna
726 1079 795 1125 cum
818 1060 888 1126 aliis
918 1061 1076 1145 scripturis
1105 1060 1180 1128 dicti
1199 1060 1267 1142 loci
1297 1061 1408 1146 quihus
1435 1063 1479 1126 nt

216 1200 308 1266 supra
329 1179 503 1247 indubitata
532 1176 694 1243 adhibetur
723 1176 806 1255 fides¹
830 1195 865 1242 eo
892 1176 972 1262 qnod
1001 1178 1073 1242 sunt
1095 1176 1318 1261 antiquissima
1340 1178 1372 1243 et
1394 1176 1478 1262 quia

215 1297 356 1366 mutinae
378 1295 558 1381 permanent
580 1292 614 1358 in
636 1291 716 1359 dioto
739 1293 805 1359 loco
827 1293 960 1358 multum
983 1293 1167 1360 observatur.

304 1412 516 1495 Interrogatus
537 1410 571 1475 in
595 1427 686 1473 causa
715 1407 860 1474 scientiae
882 1407 960 1474 dixit
981 1407 1135 1491 praedicta
1159 1408 1234 1476 scire
1256 1429 1309 1493 per
1330 1427 1366 1474 aa
1388 1427 1477 1492 quae

218 1547 309 1613 supra
332 1525 417 1606 dixit
440 1526 471 1592 ct
486 1523 558 1609 quia
573 1523 661 1590 stetit
674 1524 708 1589 in
723 1523 823 1589 officio
845 1523 1107 1590 archimiarcariae
1129 1523 1227 1598 diotae
1248 1523 1391 1591 ecelesiae
1414 1541 1479 1608 per

215 1663 311 1712 annos
341 1641 499 1710 duodecim
528 1641 562 1706 in
591 1639 670 1705 circa
693 1640 725 1706 et
746 1659 800 1724 per
828 1639 911 1705 diota
939 1642 1076 1725 tempora
1104 1640 1239 1706 tenmsse
1261 1639 1360 1706 claves
1390 1639 1478 1705 dieti

214 1758 351 1837 archivii,
374 1760 406 1823 et
427 1756 506 1842 quod
530 1756 709 1839 permanent
731 1775 823 1840 penos
846 1756 998 1839 prelatum
1021 1755 1232 1824 arcimiaroam
1253 1775 1307 1840 pro
1330 1756 1476 1840 tempore

213 1875 403 1952 existentem,
427 1872 479 1956 qui
502 1890 553 1938 eas
576 1870 689 1936 retinet
711 1889 781 1936 cum
804 1890 917 1955 magna
947 1870 1084 1937 custodia
1106 1871 1222 1938 nemini
1244 1890 1296 1936 eas
1317 1871 1476 1940 tradendo

214 2009 309 2074 nequa
332 1989 427 2054 etiam
448 1986 602 2072 permittit
617 1986 751 2070 aliquem
774 1987 808 2051 in
823 1985 903 2053 dicto
927 1985 1060 2052 archivio
1075 1986 1196 2071 ingredi
1217 1986 1278 2052 nisi
1301 2007 1370 2054 cum
1393 2007 1474 2071 pre-

214 2105 314 2174 sentia
336 2126 359 2171 r.
382 2103 410 2170 d.
434 2102 540 2170 vicarii
561 2100 689 2186 predicti
711 2121 735 2167 r.
759 2100 787 2167 d.
811 2101 1028 2186 archiepiscopi
1056 2121 1110 2187 pro
1134 2104 1268 2186 tempore
1297 2103 1475 2185 existentis,

214 2221 246 2287 et
272 2219 430 2285 multoties
459 2216 615 2285 accidebat
644 2235 766 2283 neeesse
796 2217 932 2301 aliquam
960 2217 1165 2301 predictarum
1194 2218 1413 2301 scripturarum
1435 2219 1477 2286 in

214 2334 295 2402 dicto
318 2334 453 2400 archivio
468 2332 665 2398 adstantium
681 2331 902 2414 transumptavi
916 2331 1033 2413 debere,
1048 2332 1128 2417 quod
1141 2332 1234 2398 fiebat
1248 2351 1318 2398 curu
1333 2333 1475 2400 maxima

214 2447 352 2518 custodia
374 2447 527 2515 dictarum
549 2447 777 2530 scripturarum¹
801 2446 917 2514 deloco
940 2449 1122 2532 attempero
1144 2450 1179 2514 ut
1201 2467 1300 2532 supra.
1322 2449 1369 2514 De
1392 2469 1473 2516 cou-

214 2564 345 2632 testibus
367 2563 405 2630 de
428 2583 460 2629 se
482 2564 560 2630 teste
583 2565 614 2629 et
636 2583 659 2628 r.
675 2561 703 2628 d.
727 2562 823 2630 Paulo
839 2563 936 2648 Vegio
959 2563 1098 2647 episcopo
1114 2563 1260 2630 Cassanse
1282 2584 1306 2629 r.
1321 2565 1350 2630 d.
1366 2565 1472 2650 Aqui-

212 2679 297 2748 lanto
320 2678 357 2746 de
381 2678 595 2747 Salamonibus
618 2679 760 2744 canonico
783 2679 1022 2759 Ravennatense‚
1045 2680 1077 2745 et
1103 2678 1210 2745 multis
1232 2678 1304 2746 aliia
1325 2680 1363 2748 de
1384 2681 1472 2748 dicto

215 2793 348 2860 archivio
371 2813 425 2861 seu
447 2793 607 2878 cartilogio
630 2793 772 2860 notitiam
796 2793 989 2862 habentibus.

305 2907 401 2994 Super
429 2908 622 2993 generalibus
652 2909 730 2975 dixit
760 2928 882 2976 ecesse
911 2928 1061 2977 annorum
1083 2913 1126 2980 46
1149 2911 1181 2976 et
1209 2910 1291 2976 ultra
1320 2912 1352 2977 et
1374 2911 1472 2978 habet

214 3025 348 3095 valorem
363 3026 397 3091 in
413 3024 500 3090 bonis
510 3024 639 3090 duorum
654 3024 789 3090 millium
805 3025 954 3092 librarum
964 3026 1106 3092 videlicet
1120 3025 1297 3092 ducatorum
1313 3026 1469 3111 quingen·

214 3141 316 3208 torum
338 3142 369 3206 at
384 3139 614 3225 qninquaginta,
637 3141 668 3206 et
684 3140 765 3205 ultra
787 3141 819 3206 et
841 3159 917 3225 quae
933 3140 1011 3208 dixit
1032 3161 1086 3226 pro
1108 3143 1237 3208 veritate
1259 3141 1409 3226 deposuit
1424 3179 1469 3189 —

304 3371 428 3438 Eisdem
458 3390 537 3438 anno
566 3370 732 3438 indictione
761 3373 896 3456 tempore
925 3373 1112 3456 pontificatu.
1157 3373 1215 3440 Die
1244 3393 1309 3440 xxv.
1332 3373 1471 3460 Augusti

214 3489 285 3571 post
306 3486 477 3572 prandium.

304 3600 413 3670 ὒοτειω
442 3602 605 3688 magnifico
635 3621 670 3668 ac
699 3603 870 3670 clarissimo
899 3603 975 3671 iuris
1005 3605 1162 3688 utriusque
1191 3603 1311 3671 doctore
1343 3604 1469 3672 domino

215 3717 397 3784 Baldassare
420 3719 572 3802 potestate
594 3720 625 3786 et
647 3719 858 3787 commissario
881 3721 911 3785 et
933 3721 1088 3788 executore
1103 3719 1238 3804 predicto
1260 3721 1412 3788 existente
1434 3721 1470 3788 in

214 3833 342 3902 ecclesia
364 3833 532 3900 cathedrali
554 3835 716 3902 Ravennae
739 3836 772 3901 in
794 3837 858 3903 loeo
881 3835 1034 3920 deputato,
1056 3836 1226 3920 comparuit
1247 3857 1271 3902 r.
1287 3835 1315 3902 d
1331 3835 1469 3904 loannes

215 3949 325 4016 Petrus
347 3949 502 4016 Ferrettns
525 3951 699 4034 procurater
721 3951 833 4018 adn.
856 3970 952 4036 papae
974 3970 1009 4016 ac
1029 3949 1157 4018 Sanctae
1172 3950 1259 4019 Sedis
1282 3953 1469 4036 apostolicae

215 4063 337 4135 sedante
359 4083 414 4148 pro
443 4065 589 4132 tribunah
618 4065 651 4131 in
674 4065 756 4132 dicta
784 4067 911 4134 ecclesia
939 4065 1107 4134 cathedrali
1128 4067 1164 4132 ut
1186 4086 1278 4151 supra
1299 4068 1355 4133 etc.
1379 4069 1412 4134 et
1434 4067 1468 4135 in

214 4179 345 4248 termino
368 4183 400 4246 ot
422 4181 589 4248 monitione
611 4181 648 4248 de
663 4181 802 4266 partibus
825 4182 906 4250 faeta
919 4201 974 4268 pro
995 4185 1054 4249 hac
1069 4183 1117 4250 dia
1140 4184 1172 4250 et
1186 4184 1260 4249 hora
1282 4183 1322 4248 ad
1337 4183 1467 4252 audien-

214 4295 288 4360 dnm
297 4296 528 4379 pronuntiatum
544 4296 660 4362 domini
672 4296 783 4364 iudicis
799 4299 831 4364 ot
845 4297 1049 4364 commissarii
1057 4297 1170 4365 obtulit
1186 4299 1360 4382 separatum
1376 4299 1467 4366 illum
