3152 4902
786 293 1032 360 -174-

282 489 406 574 gentem
436 487 579 556 selectam
603 489 749 573 pupulum
779 490 964 574 precipuum.
994 489 1177 556 esthelleum
1200 489 1364 568 mtienem
1392 489 1511 555 uuum

285 605 359 672 bene
381 607 524 673 mentes
546 605 685 692 egregios
708 605 808 683 dress,
830 605 1015 672 fortissimos
1030 605 1188 684 exereitus
1209 624 1286 690 quus
1309 604 1454 672 Suthrmse
1473 605 1512 670 ni·

283 721 381 786 mium
405 719 551 786 saevienti
573 723 604 785 et
618 721 683 786 eius
705 721 811 805 impiis
825 721 978 787 ministris
1000 723 1171 805 opponeret
1203 719 1290 800 Quod
1312 721 1453 788 iudieinm
1467 721 1512 786 Dei

283 835 499 920 omnipotentis
514 836 630 902 tuntum
651 854 793 921 ergarus
816 839 1008 920 vestrumque
1030 837 1188 921 pmpteree
1202 835 1336 920 glerism
1357 839 1389 902 et
1408 835 1513 920 pietatis

283 951 404 1016 lsudem
428 951 512 1018 vebis
532 952 566 1016 et
588 951 647 1016 toti
661 951 755 1018 sederi
770 971 806 1018 se
827 952 1018 1036 uelligatioui
1041 954 1160 1018 sestius
1181 971 1217 1017 ex
1232 953 1297 1017 tute
1320 951 1408 1018 eorde
1429 953 1512 1017 nesus

284 1069 315 1130 et
337 1085 371 1132 er
394 1068 459 1131 teta
483 1067 586 1132 enims
601 1067 800 1152 gratulamur,
824 1067 868 1132 itu
891 1067 994 1132 animo
1009 1067 1110 1149 pnrsti
1132 1085 1206 1151 erge
1229 1085 1282 1131 vos
1306 1067 1351 1132 ite
1366 1085 1463 1132 umere
1475 1065 1512 1130 in·

283 1180 378 1258 eiteti,
401 1183 435 1247 ut
458 1181 536 1246 nihil
559 1182 601 1246 sit
615 1181 694 1265 qued
717 1181 802 1248 vebis
824 1180 933 1248 debere
956 1201 1011 1247 uos
1027 1199 1086 1248 non
1101 1181 1267 1258 minumum
1291 1181 1416 1248 sienim
1431 1199 1511 1248 seuer-

284 1295 396 1362 detulis
417 1295 554 1380 lignem
577 1297 665 1362 nubis
680 1295 764 1362 eerdi
785 1298 834 1363 est
856 1297 936 1363 sieut
957 1316 1024 1363 esse
1038 1296 1130 1364 debet
1151 1299 1187 1363 ut
1208 1315 1286 1381 quse
1308 1297 1349 1362 erl
1363 1296 1513 1381 exemplm

283 1411 460 1478 coelestium
482 1411 621 1478 ordinum
645 1412 789 1478 instituta
810 1413 980 1480 maximum
1003 1413 1091 1479 effert
1106 1415 1137 1478 et
1159 1413 1316 1480 cummuni
1339 1413 1420 1480 vitus
1440 1429 1512 1479 erne·

284 1529 423 1592 mentum
444 1529 475 1593 et
503 1527 541 1594 ed
563 1526 663 1594 Deum
691 1528 852 1594 selendum
881 1527 1145 1614 reuerendumque
1174 1527 1396 1608 adiumentum,
1424 1547 1456 1595 ee
1474 1545 1513 1612 per

229 1653 235 1666 ·
283 1659 338 1708 nos
361 1660 421 1709 non
443 1642 542 1708 sulum
566 1641 689 1708 defense
711 1643 932 1710 verumetiam
955 1643 1100 1710 restitute
1120 1645 1177 1710 est
1229 1643 1265 1710 Si
1286 1645 1455 1712 enimnmm
1475 1661 1512 1708 ss·

284 1757 358 1824 lutis
373 1757 564 1842 prseeipuum
582 1775 687 1824 eurum
709 1759 853 1843 gerimus,
876 1759 972 1826 veluti
993 1779 1070 1843 ques
1086 1759 1158 1826 beni
1179 1778 1264 1828 mere
1286 1760 1420 1844 pasturis
1439 1759 1512 1826 etiem

284 1873 431 1958 sunguine
452 1874 485 1939 et
506 1871 616 1958 eupitis
638 1874 736 1940 nostri
764 1873 897 1958 periculo
927 1875 1023 1942 tutari
1045 1873 1199 1952 debemus,
1230 1895 1283 1958 per
1306 1879 1439 1944 vestrim
1465 1875 1512 1940 ιίι-

282 1990 381 2057 tutem
402 1990 505 2074 erepte
520 1991 552 2056 et
565 1989 672 2055 eblets
694 1991 742 2056 est
756 1989 863 2076 impiis
885 1993 1021 2074 potestus
1035 1989 1108 2058 illes
1129 1991 1296 2075 populunrli
1310 1995 1342 2058 et
1357 1989 1513 2058 diluuium

285 2101 319 2170 Si
340 2103 399 2170 Dei
419 2103 564 2172 honorem
587 2103 651 2170 rite
672 2107 777 2170 nostru
800 2107 939 2172 tenemur
960 2105 1072 2172 habere
1094 2107 1249 2185 uenerem,
1279 2107 1462 2191 periclitanti
1479 2103 1514 2170 illi

283 2223 315 2286 et
337 2239 355 2286 s
378 2221 476 2286 furore
499 2219 631 2286 heretiee
653 2220 829 2304 perturbato
858 2223 961 2288 restru
984 2222 1126 2288 subvenit
1148 2222 1247 2305 pietas
1269 2225 1302 2288 et
1324 2221 1471 2296 fortitude
1490 2228 1516 2284 ut
1560 2199 1561 2224 ἶ

283 2335 425 2402 omnibns
448 2335 549 2400 euusis
578 2335 681 2402 nester
703 2333 861 2400 devinctus
890 2351 976 2402 emor
998 2335 1038 2402 ud
1060 2353 1215 2403 summum
1245 2337 1475 2406 benivolentium
1492 2344 1516 2399 et

283 2449 323 2518 ml
344 2468 465 2518 emnem
496 2449 581 2517 vobis
610 2449 743 2534 gutum
773 2449 945 2518 habendum
967 2454 1111 2536 perpetuu
1139 2454 1285 2519 tenentur.
1332 2451 1516 2533 anmubren

283 2563 369 2632 vebis
390 2563 581 2632 affirmemus
596 2584 752 2648 nunqnnm
774 2583 830 2631 nes
852 2566 943 2632 huius
966 2565 1061 2632 vestri
1076 2566 1150 2632 teeti
1173 2567 1279 2634 eximii
1292 2569 1385 2654 etque
1406 2569 1515 2636 immer-

283 2681 355 2748 telis
386 2679 565 2748 memorium
595 2679 799 2764 deposituros,
829 2699 985 2766 nunquam
1014 2684 1149 2748 restrum
1178 2682 1301 2750 leudem
1331 2687 1363 2750 et
1391 2685 1516 2750 virtum

283 2795 438 2874 emrtuos,
467 2795 547 2880 quud
567 2796 604 2864 ,si
632 2796 705 2882 quid
727 2796 767 2863 ud
789 2796 877 2866 illum
899 2798 999 2882 ipsum
1029 2797 1174 2864 virtutem
1205 2801 1339 2866 vestrum
1367 2797 1516 2868 emendum

283 2917 374 2996 etque
396 2911 612 2978 illustrandum
634 2911 702 2980 fieri
722 2931 776 2996 per
798 2931 854 2980 nes
876 2915 985 2996 petest
1008 2915 1036 2980 si
1058 2913 1133 2999 quid
1155 2913 1243 2982 Sedis
1259 2913 1390 2983 Senetue
1410 2917 1515 3000 speetu·

282 3027 359 3096 lieee
382 3045 493 3095 nomen
516 3026 651 3094 studium
675 3029 839 3096 aucteritas
862 3029 901 3096 ud
924 3029 1108 3114 dignitatem
1131 3033 1162 3096 et
1183 3029 1378 3098 summeium
1400 3033 1516 3098 rustum

282 3143 417 3212 ueniens
439 3143 487 3210 est
509 3144 590 3228 epte,
613 3143 752 3210 velumus
774 3161 828 3210 vos
851 3145 1025 3212 existimare
1048 3164 1170 3212 emnem
1193 3148 1331 3214 nestrum
1347 3148 1516 3214 veluntatem

283 3279 405 3326 omnem
435 3257 658 3342 benignitatem
689 3257 776 3326 vebis
805 3258 868 3325 lere
891 3277 1009 3344 semper
1032 3262 1063 3326 et
1092 3261 1257 3328 honeribus
1288 3261 1516 3343 utilitstibusqus

282 3375 394 3444 vestris
409 3375 583 3459 promptum
605 3376 637 3440 et
652 3375 799 3457 peretum
830 3373 1015 3442 Βιιοιὶοιιι
1031 3378 1148 3442 vesties
1171 3377 1205 3442 in
1219 3377 1353 3444 Domino
1369 3375 1516 3448 luerunt&

283 3491 318 3559 ut
340 3507 416 3576 quse
432 3489 509 3556 bene
530 3489 650 3556 erobis
672 3491 759 3573 cepte
775 3491 847 3556 sunt
869 3489 908 3556 ud
923 3492 1092 3558 extremum
1115 3491 1260 3558 deducere
1282 3494 1314 3559 et
1329 3493 1448 3560 firmum
1460 3493 1515 3556 stu·
1557 3549 1558 3554 ,

283 3606 391 3684 denus,
413 3604 713 3690 prestantissimique
741 3605 877 3672 omnium
902 3623 978 3690 quse
1000 3607 1108 3672 multis
1131 3607 1195 3674 ium
1217 3608 1329 3674 seenlis
1351 3611 1438 3693 geste
1457 3607 1517 3670 sunt
1557 3561 1558 3651 i

282 3723 364 3802 sueti,
388 3720 560 3794 absolutum
590 3720 813 3805 perfectumque
842 3721 973 3806 glorium
996 3723 1027 3787 et
1050 3723 1168 3790 Deest
1195 3721 1310 3790 mundo
1332 3725 1364 3792 et
1386 3717 1516 3806 singulari

284 3837 391 3906 virtuti
420 3837 538 3904 vestrm
567 3837 598 3903 et
621 3836 821 3919 expectationi
849 3837 1027 3904 euneturum
1056 3837 1196 3922 gentium
1225 3839 1374 3906 exhibere.
1418 3839 1516 3906 nsum

282 3954 363 4022 xxiii
386 3951 520 4038 Augusti
542 3951 659 4018 mdnxr.
705 3951 794 4018 Anno
817 3953 954 4019 seeundo.

373 4185 487 4254 ιιιιι
511 4183 673 4252 sontem
696 4183 732 4252 ι
756 4184 890 4252 umes.
938 4186 983 4251 ιι
1006 4186 1091 4252 ιιι
1115 4187 1199 4252 ιιι
1221 4163 1377 4255 senesii
1404 4187 1437 4252 ι
1457 4183 1515 4248 m-

283 4303 368 4370 dleis.
394 4339 436 4350 --
459 4301 535 4368 xxvi.
559 4301 693 4384 Augusti
717 4301 834 4366 mdxxv.
879 4303 968 4367 Anne
992 4301 1129 4367 seeundo.

371 4417 534 4482 terrenus
557 4416 594 4480 de
620 4415 744 4482 lledieis
767 4451 809 4462 -
833 4416 1061 4492 desudemus,
1084 4417 1147 4484 euti
1171 4418 1220 4484 me
1242 4421 1274 4484 et
1295 4437 1385 4488 nune.
