3152 4902
781 279 1026 344 -l'lu-

275 472 379 539 obrem
409 492 470 540 non
497 484 619 556 pruteno
641 471 829 538 commodius
851 475 939 540 nobis
967 473 1108 542 advenire
1134 475 1255 542 litterae
1283 479 1366 553 tnae;
1393 495 1455 542 nau
1472 478 1496 540 et

275 591 495 656 eontimmrnnt
511 589 723 654 testimonium
746 589 784 654 de
805 593 836 655 te
858 593 996 656 nostrum
1011 593 1042 656 et
1057 589 1274 660 maledicorum
1296 611 1346 657 ora
1361 611 1497 678 oppresse-

274 711 355 779 runt.
377 705 1498 790 nosqnidemlleoetrirtulitnaegratulamnrtalemteesseinrentun

273 823 395 907 qualem
420 841 539 905 semper
560 820 762 886 indicarimus
784 823 815 886 et
830 818 946 886 Cbristi
967 827 998 886 et
1020 822 1203 889 christianae
1221 823 1402 908 reipublicae
1421 821 1499 888 bdnn

273 941 457 1022 firmumque
484 937 683 1002 debnsorum
731 937 769 1002 ln
797 956 857 1021 qna
885 937 974 1003 lande
1002 939 1192 1005 borhremm
1220 937 1499 1022 circumspectionem

271 1062 359 1121 tuam
380 1061 415 1119 nt
438 1055 578 1136 pergeret
598 1060 629 1117 et
652 1057 865 1136 perseveraret,
887 1053 949 1118 nisi
969 1057 1146 1136 putaremus
1168 1073 1291 1122 omnem
1313 1054 1496 1120 hortationem

272 1187 526 1254 supervacaneam
548 1188 625 1236 essa.
647 1189 718 1234 cnm
732 1172 764 1233 te
777 1173 809 1233 et
823 1168 960 1253 dignibns
982 1173 1043 1247 tua,
1065 1173 1097 1235 et
1114 1169 1260 1236 iudicium
1274 1170 1426 1236 interioris
1439 1188 1496 1234 eon·

271 1284 689 1353 scientiaeadidmanime
716 1284 883 1350 burtcrrtrnr.
928 1285 997 1350 Etsi
1024 1285 1107 1353 enim
1136 1304 1172 1352 ea
1200 1283 1498 1371 quaeinllermania

270 1403 463 1480 acciderunt,
500 1403 533 1466 et
563 1401 652 1486 qnasi
684 1400 783 1466 lurore
812 1399 945 1484 quodam
970 1403 1055 1466 mobc
1086 1403 1174 1482 sunt,
1211 1419 1341 1486 magnos
1377 1399 1499 1468 omnibus

270 1519 460 1606 principibm
474 1518 594 1584 labores
616 1517 733 1582 multae
762 1516 982 1582 sollicitudines
1003 1516 1178 1596 attulerint,
1206 1519 1311 1583 tamen
1339 1519 1372 1581 ct
1400 1515 1499 1581 fortitu

268 1657 305 1704 ac
327 1636 461 1722 gloriose
482 1651 619 1718 repressa
642 1635 724 1712 snut
752 1635 785 1697 et
806 1632 971 1698 docuerunt
998 1632 1031 1697 id
1051 1631 1132 1717 qnod
1159 1633 1262 1716 potest
1282 1631 1346 1698 iam
1375 1630 1497 1698 omnibus

269 1757 381 1840 patere
402 1750 990 1838 pessimarumbercsnmauctoresnon
1011 1747 1194 1816 minussnis
1214 1747 1498 1832 quamalieniscssc

268 1871 462 1957 perniciosos
514 1865 615 1947 Qum
637 1885 693 1932 nos
715 1869 747 1932 et
768 1865 845 1931 eiu·i
879 1868 950 1931 tuae
972 1865 1009 1932 de
1031 1867 1096 1930 tam
1118 1865 1169 1949 pia
1191 1865 1293 1930 mente
1316 1864 1498 1948 gratulamur.

267 1991 299 2055 et
321 1988 380 2054 tibi
401 1989 507 2052 brnen
522 1983 695 2062 suademus,
717 1985 753 2047 ut
767 1983 846 2048 banc
860 1981 982 2048 landem
1003 1983 1179 2065 perpennam
1194 1980 1253 2045 tibi
1268 1981 1407 2046 retineas.
1428 1977 1496 2042 Nos·

268 2124 334 2190 que
358 2103 386 2168 si
408 2101 482 2186 quid
505 2100 584 2186 quod
599 2099 667 2165 lieri
681 2117 699 2164 a
715 2099 803 2165 nobis
826 2101 961 2182 oportmt
979 2097 1180 2175 admonueris,
1202 2096 1383 2180 pollicemur
1395 2113 1445 2160 nec
1457 2091 1496 2155 di·

265 2221 380 2306 gnitoti
396 2223 467 2282 tuae
481 2235 535 2282 nec
552 2215 645 2280 saluti
660 2214 756 2280 totins
765 2213 947 2279 Germaniae
961 2212 1124 2278 detubnros.
1145 2210 1228 2291 Quae
1242 2214 1346 2278 aubm
1360 2211 1495 2295 practerea

266 2355 285 2400 a
307 2335 396 2400 nobis
419 2353 472 2417 per
494 2333 615 2396 litteras
629 2329 777 2414 postulas,
799 2329 838 2394 de
858 2328 899 2394 iis
913 2329 1060 2394 iussimus
1082 2327 1255 2412 responderi
1277 2327 1436 2411 agentibus
1456 2321 1496 2386 bic

265 2451 336 2528 tuis,
360 2449 432 2532 quid
448 2447 487 2512 ad
502 2447 607 2512 cium
632 2449 718 2511 tuam
735 2445 855 2530 plenius
877 2444 1071 2528 perscribant
1109 2444 1154 2509 Tu
1177 2445 1234 2510 boc
1255 2442 1315 2508 tibi
1329 2437 1494 2526 persumere

267 2565 407 2630 columns
429 2579 518 2626 curae
541 2563 629 2627 nobis
651 2561 817 2628 admodum
838 2581 905 2626 csse
927 2565 959 2626 et
980 2560 1071 2626 decus
1093 2561 1125 2626 et
1139 2559 1395 2625 existimationem
1416 2558 1496 2620 trum.

265 2681 380 2743 Datum
407 2677 521 2742 Rornae
544 2681 600 2742 etr.
624 2678 673 2741 ‹lie
696 2678 753 2742 xri.
778 2675 919 2743 Octobris
941 2675 1059 2742 mdxxv.
1104 2677 1194 2742 Anno
1217 2673 1355 2740 secundo.

860 2939 932 3005 132.

716 3106 802 3176 Regi
826 3103 1075 3174 portugalliae.

354 3255 527 3322 Carbsime.
573 3256 616 3320 lix
632 3256 749 3341 aliquot
764 3260 855 3322 serit·
876 3261 946 3320 tuae
968 3255 1080 3323 litteris
1103 3255 1134 3319 et
1149 3273 1183 3319 ex
1206 3252 1246 3317 iis
1261 3271 1338 3337 queo
1359 3252 1411 3318 dil
1427 3247 1497 3314 lilius

264 3370 418 3436 Martinus
441 3371 479 3436 de
495 3371 673 3454 Perbrgello
695 3373 796 3437 orator
811 3370 891 3455 apud
913 3389 968 3436 nos
983 3373 1055 3434 tuus
1070 3371 1122 3434 tuo
1136 3369 1259 3434 nomine
1274 3369 1363 3434 nobis
1386 3361 1497 3432 rettnlb

263 3487 461 3571 cognovimns
484 3504 519 3552 ee
549 3505 626 3570 quae
656 3491 751 3551 senta
773 3488 827 3551 tue
849 3486 937 3552 nobis
968 3487 1089 3570 cuperet
1111 3483 1261 3560 obtinere;
1285 3503 1375 3567 snper
1402 3480 1498 3566 quibus

264 3601 476 3686 respondimus
508 3601 568 3684 ipsi
591 3602 712 3678 oratori
735 3601 815 3686 quod
843 3602 882 3666 ad
905 3601 966 3666 alia
995 3601 1127 3685 pertinet
1154 3617 1231 3684 quae
1252 3617 1314 3665 non
1338 3598 1498 3664 dubitamus

263 3718 354 3783 illurn
377 3715 416 3781 ad
440 3719 470 3780 te
485 3715 724 3800 perscripturum
747 3735 821 3782 esse.
851 3717 898 3781 Dc
913 3733 949 3781 ec
965 3735 1032 3782 vero
1048 3715 1193 3782 facultate
1209 3733 1298 3798 snper
1320 3707 1498 3780 monasteriis

263 3851 356 3916 quam
381 3847 479 3897 cer.mo
502 3831 535 3896 in
558 3830 680 3896 tlbrietc
709 3830 773 3896 lilio
796 3833 899 3896 noetm
922 3829 1029 3898 Carolo
1050 3831 1145 3897 electo
1167 3831 1345 3915 imperatori
1366 3829 1399 3895 in
1419 3841 1498 3909 regum

263 3947 415 4012 Omtellae
445 3963 619 4012 concessam
647 3963 714 4011 esse
743 3945 860 4024 scribis,
883 3945 969 4012 cuins
998 3948 1033 4011 tu
1056 3947 1189 4014 similem
1211 3945 1375 4029 impensu
1403 3941 1498 4009 venes:

261 4061 405 4147 qnoniam
428 4063 550 4146 propter
573 4061 646 4126 anci
669 4061 789 4145 tempus
812 4062 918 4126 aberat
940 4079 1053 4147 magna
1074 4081 1145 4147 pars
1160 4081 1225 4128 veu
1241 4062 1371 4128 fratrum
1392 4059 1497 4126 nostro·

261 4196 339 4255 num,
362 4195 423 4243 non
445 4175 601 4260 potuimus
623 4174 697 4260 quid
719 4194 808 4260 cgere
830 4176 1007 4244 deberemus
1029 4179 1204 4260 deliberare,
1232 4198 1307 4264 quos
1330 4171 1499 4264 expectaturi

262 4309 384 4368 sumum
415 4291 475 4358 etsi
505 4309 583 4374 quae
606 4290 667 4376 ipsi
689 4289 795 4358 tbrolo
826 4292 955 4358 facultas
979 4313 1031 4377 per
1054 4295 1090 4362 te.
1112 4314 1170 4362 me.
1193 4294 1365 4362 aurimum
1385 4289 1497 4380 praede·

261 4421 411 4468 cessorem
434 4409 573 4469 nostrum
596 4406 668 4469 data
683 4407 751 4484 luit
774 4427 809 4471 ee
831 4427 987 4490 nunquam
1009 4430 1028 4475 a
1046 4411 1174 4494 collegio
1196 4412 1397 4480 cardinalium
1418 4407 1498 4474 ruent
