3258 4904
624 337 778 406 -457
825 373 869 389 -

113 557 171 605 nec
194 557 256 604 non
278 537 517 604 instrumentum
541 554 612 601 suae
634 534 854 620 procurationis
870 534 947 599 alias
970 532 1140 618 productas,
1163 551 1218 598 nec
1232 551 1294 599 non
1309 533 1370 599 alia

112 657 185 720 aeta
216 653 296 720 lecta
325 654 356 719 et
384 653 511 719 33111313
541 671 642 719 coram
665 650 693 718 1.
716 671 743 717 3.
766 651 800 716 13
821 650 957 735 presenti
987 668 1086 728 33333,
1116 668 1176 715 333
1205 649 1369 715 recedendo

112 773 223 836 tamon
251 770 289 835 ab
312 769 373 834 alia
401 767 596 853 productione
619 769 650 833 31
679 766 895 852 comparitione
924 785 978 851 per
1006 769 1109 850 ipsum
1136 765 1213 831 31133
1237 765 1317 831 13313
1340 767 1371 832 31

112 885 208 970 petiit
229 903 264 952 33
286 885 408 951 instetit
427 884 495 950 tieri
517 885 548 950 et
570 883 675 970 exequi
697 884 788 968 prout
808 882 842 948 in
863 882 954 949 dictis
976 882 1075 949 literis
1098 884 1129 949 et
1150 882 1235 948 iuxta
1257 901 1366 950 earun-

113 1000 187 1067 dem
211 1001 348 1068 tenorem
370 1002 401 1066 et
423 1000 642 1067 continentiam
670 999 791 1084 procedi
814 1002 845 1066 et
867 999 1021 1066 obseruari
1049 999 1133 1065 iuxta
1156 998 1246 1065 alias*
1264 998 1369 1082 petita,

113 1119 147 1182 et
169 1116 281 1182 instita
302 1135 357 1200 per
378 1118 481 1200 ipsum
503 1115 584 1182 dicto
607 1116 737 1183 nornine.
783 1115 848 1183 Nec
870 1135 931 1182 non
960 1116 1082 1182 instetit
1103 1135 1157 1201 per
1179 1115 1207 1182 d.
1231 1137 1260 1182 3.
1283 1134 1368 1182 com-

114 1231 204 1298 mitti
226 1232 335 1300 debere
357 1233 462 1298 literas
485 1232 642 1300 citatorias
671 1251 725 1317 per
747 1232 882 1300 edictum
903 1233 938 1298 in
959 1232 1058 1298 forma
1079 1233 1111 1299 31
1133 1233 1238 1300 333133
1259 1233 1290 1298 31
1312 1231 1368 1297 31-

113 1367 223 1414 versus
245 1348 399 1433 prefatum
420 1348 465 1414 ill
488 1347 516 1414 d.
540 1348 568 1415 1
590 1346 783 1433 Alpbonsnm
806 1368 839 1416 se
861 1367 914 1433 pro
937 1347 1012 1414 duce
1034 1349 1190 1416 Penariae
1212 1349 1368 1434 gerentem

113 1483 171 1548 pro
195 1463 354 1532 dicioris
376 1464 510 1549 proxime
533 1464 635 1530 futura
657 1484 734 1550 quae
755 1464 815 1531 erit
830 1465 879 1532 die
894 1484 959 1530 xxv.
974 1463 1121 1531 instantis
1144 1465 1182 1531 ad
1205 1464 1369 1532 videndum

113 1579 214 1646 testes
235 1599 289 1664 per
310 1580 462 1665 prefatum
485 1602 507 1647 r.
531 1578 559 1646 1.
583 1582 806 1665 procuratorem
836 1580 1030 1646 inducentem
1052 1581 1085 1647 in
1114 1581 1249 1665 presenti
1277 1599 1368 1647 cansa

112 1694 211 1762 iurari
226 1697 257 1762 et
272 1696 439 1763 examinari
454 1714 543 1780 super
558 1697 655 1782 ipsius
665 1696 807 1782 capitulis
823 1696 1022 1781 producendis
1038 1696 1123 1763 omni
1138 1697 1259 1764 meliori
1268 1696 1367 1763 modo.

207 1809 267 1891 Qui
281 1812 463 1898 magnificus
479 1812 507 1878 1.
522 1814 658 1897 33133133
674 1812 704 1879 31
720 1813 858 1880 executor
873 1813 1044 1879 3313113133
1060 1812 1112 1879 311
1129 1817 1220 1900 supra
1234 1812 1367 1880 existens

112 1929 146 1994 31
162 1928 272 1995 331333
286 1928 403 2011 prefata
425 1927 552 1994 admisit
574 1929 694 1995 313113
709 1931 857 2013 qnantum
874 1928 1044 2014 obtulitque
1067 1931 1255 2013 separatum
1271 1929 1368 1996 facere

112 2044 202 2111 iuxta
223 2043 410 2129 prefatorum
431 2045 589 2110 literarum
611 2044 818 2128 imperialium
841 2045 978 2112 tenorem
999 2046 1030 2111 et
1052 2044 1279 2111 continentiam.
1302 2043 1368 2111 Nec

112 2178 178 2226 non
200 2158 596 2226 11313311133333113133133
618 2159 702 2226 iuxta
720 2160 817 2245 petita
839 2160 995 2228 commisit
1017 2159 1185 2245 affigendus
1208 2160 1367 2226 31331333

113 2273 260 2342 eeclesiae
282 2275 474 2355 cathedralis,
497 2294 552 2342 nec
574 2294 635 2342 non
658 2274 697 2341 31
719 2275 877 2342 columnas
906 2276 1015 2361 palatii
1044 2275 1182 2343 mmunis
1205 2277 1367 2342 1133333333

113 2391 230 2457 tenoris
252 2390 440 2475 infrascripti
461 2392 517 2459 eto.

205 2622 330 2690 Eisdem
358 2640 438 2691 anno
466 2622 631 2691 indictione
660 2623 794 2710 tempore
823 2621 1367 2709 3331131133131133313.Α333311

113 2739 153 2806 de
175 2757 273 2805 mane.

205 2853 313 2921 Coram
343 2853 506 2939 magnifico
535 2855 563 2921 d.
586 2855 736 2939 potestate
757 2856 920 2924 113333333
950 2856 1160 2924 commissario
1189 2858 1221 2923 et
1244 2855 1366 2923 sedente

113 2988 168 3054 pro
191 2969 339 3037 tribunali
360 2968 393 3034 in
415 2969 541 3036 ecclesia
564 2970 732 3038 cathedrali
753 2971 784 3039 et
805 2972 871 3040 loco
887 2973 1030 3056 deputato
1053 2973 1084 3038 31
1106 2972 1200 3038 313313
1218 2990 1272 3055 per
1294 2990 1364 3056 pre-

113 3087 213 3152 latum
235 3084 434 3170 magnificum
456 3085 485 3151 1.
507 3087 751 3155 commissarium
776 3091 831 3154 etc.

204 3198 381 3284 Compamit
403 3200 579 3284 spectabilis
602 3203 633 3268 31
648 3204 789 3289 egregius
811 3203 887 3270 iuris
909 3203 1026 3288 peritus
1049 3203 1077 3291 d.
1093 3201 1239 3269 Nicolaus
1255 3201 1365 3269 Codice

112 3316 190 3382 31313
212 3317 244 3382 31
266 3315 436 3381 causidicus
459 3317 660 3384 Ferrariensis
690 3320 721 3384 31
743 3338 880 3386 camerae
902 3318 1020 3385 ducalis
1044 3318 1178 3386 sindicus
1201 3318 1232 3386 et
1254 3338 1363 3404 procu-

113 3433 204 3512 rator,
232 3449 267 3496 ac
288 3431 464 3515 procurator
485 3432 529 3498 ill.
553 3432 581 3498 1.
605 3432 690 3500 13313
713 3434 864 3519 Alpbonsi
886 3434 1026 3501 Estensis
1048 3434 1134 3501 ducis
1157 3434 1311 3501 Ferrariae
1334 3434 1365 3500 31

111 3549 229 3614 habens
252 3565 271 3612 a
292 3547 409 3630 prefato
431 3546 611 3615 11111333
633 3548 672 3615 ad
693 3549 889 3634 infrascripta
912 3551 1041 3635 speciale
1064 3551 1096 3617 31
1109 3550 1250 3636 generale
1273 3570 1362 3615 mun-

111 3663 220 3728 datum
243 3662 387 3746 rogatum
409 3680 462 3745 per
490 3665 689 3749 magnificam
713 3665 741 3732 1.
765 3665 930 3750 03133333
953 3685 1055 3734 romm
1078 3665 1269 3733 celsitudinis
1292 3684 1364 3732 suae

112 3777 309 3846 secretarium
333 3776 514 3862 stipulatum
537 3777 574 3844 de
597 3798 676 3846 anno
698 3782 832 3866 presenti
855 3782 905 3848 113
926 3781 1075 3866 vigesimo
1097 3781 1212 3848 mensis
1230 3781 1365 3866 Augusti

111 3894 143 3960 et
166 3893 248 3958 dicto
271 3891 403 3972 nomine,
433 3893 557 3960 313313
580 3895 683 3962 omnia
705 3915 759 3980 pro
781 3897 1005 3981 legitimatione
1028 3915 1173 3982 personae
1196 3915 1268 3963 suae
1289 3915 1364 3962 usus

110 4009 171 4074 fuit
184 4007 390 4074 instrumento
413 4007 567 4076 113113133
590 4009 729 4076 mandati
751 4012 805 4078 etc.
836 4013 965 4096 lnsuper
987 4012 1096 4096 13331.
1113 4011 1258 4078 Nicolaus
1282 4010 1362 4077 11313

111 4124 234 4190 nomiae
255 4123 420 4190 intellectis
443 4124 626 4208 quibusdam
648 4125 844 4193 citationibus
867 4128 899 4193 et
920 4126 1187 4195 commissionibus
1209 4126 1364 4210 impositis

110 4241 146 4305 ut
167 4238 280 4305 dicitur
301 4257 355 4323 per
377 4238 538 4320 aedictum,
568 4243 599 4307 et
621 4260 808 4327 quocumque
831 4244 891 4310 alio
914 4243 1004 4310 modo
1027 4242 1103 4309 dixit
1129 4242 1268 4309 citationi
1291 4263 1360 4326 pre-

112 4355 191 4422 13133
214 4373 250 4421 ac
272 4353 415 4421 omnibns
437 4355 468 4422 et
492 4354 624 4442 singulis
647 4357 724 4422 actis
740 4359 770 4424 31
794 4357 929 4424 actitatis
952 4359 1057 4424 contra
1080 4357 1250 4442 praelatum
1273 4357 1316 4423 ill.
1333 4357 1361 4424 d.

110 4471 310 4555 principalem
326 4489 415 4536 suum
431 4490 492 4536 non
507 4471 676 4539 consentire
691 4475 723 4539 et
736 4474 939 4557 protestatum
956 4473 1013 4539 1311
1029 4473 1065 4540 13
1081 4492 1193 4552 eorum,
1213 4463 1360 4558 petiitque
