3128 4908
753 275 997 342 -214-

246 487 318 536 curu
339 472 371 536 et
393 469 577 556 cogitatione
599 470 756 554 aucipites,
786 472 821 537 ut
842 471 978 555 primum
1006 471 1128 537 littoreo
1149 471 1222 536 illue
1244 469 1334 537 nobie
1365 469 1490 537 redditus
1553 478 1559 531 l

246 584 382 663 iuuerunt,
412 585 625 652 advocavimus
648 605 664 652 e
687 586 817 670 vestigio
847 589 949 653 ven.¹0⁸
971 585 1081 652 frutres
1110 587 1246 664 nestros,
1275 587 1368 668 utque
1397 603 1491 651 corun
1553 608 1559 673 p

248 701 375 768 consilio
397 702 429 766 et
451 701 551 768 coetui
579 719 687 786 regum
710 701 742 768 et
768 700 941 785 principum
970 701 1206 768 christianorum
1236 702 1372 768 cruderes
1394 699 1492 784 quiin
1554 722 1561 743 ·

247 817 321 881 urbe
343 814 470 882 ederunt
490 817 585 882 etiam
601 815 803 895 odimximus
826 817 861 882 ut
883 818 915 883 et
929 815 1089 883 nobiscum
1111 817 1143 882 et
1165 834 1235 882 oum
1250 815 1316 882 illis
1338 833 1409 892 unu
1430 834 1491 881 cum

247 931 342 998 testes
365 933 467 998 essent
489 931 692 1011 miseriarum,
715 934 783 997 turn
798 932 951 999 adiutores
974 931 1001 998 si
1023 930 1088 998 ficri
1104 934 1208 1016 posset
1226 930 1426 998 inveniendae
1447 951 1491 996 se-

247 1047 331 1114 lutis.
377 1044 512 1128 Quorum
528 1049 704 1114 cunctorum
721 1047 937 1114 deliberatione
952 1050 984 1114 et
1005 1047 1141 1127 oonsilio,
1164 1066 1241 1133 queo
1256 1049 1330 1114 sunt
1342 1047 1492 1131 explicate.

247 1163 281 1228 in
303 1163 365 1228 olis
388 1163 498 1232 scheda
521 1181 658 1260 seorsum
686 1163 855 1247 perscripto
878 1164 958 1229 sunt
1015 1162 1096 1229 lllud
1127 1162 1250 1248 quidem
1281 1181 1354 1247 pruo
1375 1162 1493 1229 coeteris

248 1278 437 1362 praesentius
460 1281 492 1345 et
513 1279 684 1363 promptius
713 1278 882 1345 remedium
904 1280 936 1345 et
956 1279 1045 1345 nobis
1075 1280 1107 1346 ot
1128 1279 1192 1346 illis
1215 1279 1317 1345 visum
1339 1279 1397 1354 est,
1425 1296 1492 1361 quo-

248 1395 332 1460 nium
355 1395 450 1460 ermis
465 1395 496 1461 et
519 1396 666 1480 uppurntu
681 1394 790 1461 bellico
814 1412 967 1461 eccumere
989 1395 1023 1460 in
1045 1397 1181 1478 tempore
1202 1393 1242 1460 od
1255 1395 1345 1460 illurn
1367 1393 1492 1461 nobilem

248 1529 283 1576 uc
298 1509 431 1576 menime
445 1511 646 1596 opportunam
660 1509 848 1595 provinciam
863 1509 1054 1577 retinendum
1076 1527 1138 1576 non
1151 1529 1324 1595 possumus,
1347 1512 1384 1574 ut
1405 1527 1492 1575 unus·

248 1625 376 1710 quisque
398 1626 570 1711 principum
592 1645 646 1709 per
669 1645 759 1692 suum
781 1626 904 1693 fidelem
934 1626 1076 1711 aliquem,
1107 1625 1281 1693 subsidium
1302 1625 1494 1710 pecuniuoin

249 1741 420 1826 Ungurium
442 1741 556 1821 mittut
586 1761 640 1827 per
661 1741 741 1826 quod
764 1760 800 1807 en
822 1741 965 1809 finitimis
988 1742 1163 1808 ustionibus
1186 1741 1391 1826 Bohemisque
1412 1761 1492 1826 pruo-

249 1856 357 1923 sertim
371 1855 488 1941 pedites
504 1857 652 1936 conducti,
676 1857 826 1924 sustinere
839 1857 990 1942 impetum
1012 1857 1222 1942 ingruentium
1237 1856 1374 1923 hostium
1388 1857 1493 1922 tentis·

248 1990 303 2057 per
324 1971 452 2057 possint
475 1974 507 2038 st
528 1972 616 2056 regni
637 1973 723 2039 illius
748 1972 893 2057 spiritum
915 1974 1008 2058 etque
1029 1973 1135 2051 vitum,
1157 1972 1197 2039 ud
1218 1973 1343 2058 aliquod
1365 1991 1492 2040 commo

250 2087 319 2155 dius
336 2087 504 2154 medicinae
518 2095 641 2173 tempus
664 2107 824 2156 reservare.
848 2088 914 2154 Hoc
929 2107 1025 2154 uuum
1040 2088 1202 2155 consilium
1217 2089 1370 2172 reliquum
1384 2087 1495 2154 videtur

248 2203 373 2282 fuctum,
395 2203 430 2270 iu
450 2221 510 2288 quo
533 2183 602 2287 spes
625 2203 719 2271 etium
751 2222 832 2270 nuno
855 2204 958 2288 eliqua
979 2203 1107 2288 exiguus
1130 2204 1240 2272 solutis
1261 2203 1401 2283 resideat.
1423 2199 1495 2287 quod

250 2319 278 2385 si
300 2319 474 2404 neglectum
496 2320 529 2386 et
549 2318 743 2404 repudiatum
765 2318 866 2398 fuerit,
888 2338 950 2385 non
972 2338 1110 2386 veremur
1130 2319 1195 2385 ium
1217 2339 1273 2386 nos
1295 2319 1426 2405 quidem.
1448 2316 1494 2384 ssd

249 2453 303 2519 pro
325 2436 407 2502 certo
430 2433 578 2514 ducimus,
608 2453 664 2501 uos
687 2435 725 2501 ed
748 2435 879 2502 alterum
909 2452 1024 2500 sunum
1047 2434 1217 2520 Unguium
1245 2453 1307 2502 nou
1336 2435 1493 2510 habituros

249 2549 422 2634 frustraque
437 2549 546 2616 deinde
568 2551 599 2615 et
621 2550 722 2618 nobile
737 2550 911 2617 membrum
934 2549 1170 2618 christianitatis
1193 2553 1225 2618 et
1243 2551 1495 2636 propugnuculuu

250 2664 385 2732 hodonis
406 2664 594 2732 fortissimue
616 2666 762 2732 adversus
784 2666 952 2732 'dormtum
974 2665 1199 2734 intolerabilem
1228 2667 1399 2751 potentium
1419 2665 1494 2732 deei-

249 2779 415 2848 dereturoe.
461 2778 544 2862 Quue
562 2800 611 2848 ree
634 2801 705 2848 cum
720 2781 765 2849 sic
788 2800 820 2848 se
841 2781 962 2861 habeut,
987 2781 1150 2849 scribimus
1172 2781 1212 2848 ed
1233 2785 1359 2850 cunctos
1381 2780 1494 2868 quidem

250 2896 410 2981 principes,
434 2897 466 2964 et
487 2915 591 2964 eorum
614 2896 762 2964 auxilium
784 2897 875 2963 rebus
894 2896 1059 2982 Unguricis
1080 2897 1290 2982 impleremus.
1336 2896 1397 2965 Sed
1415 2897 1495 2963 inte

250 3031 346 3079 unum
369 3011 528 3097 praecipue
550 3011 596 3078 fili
619 3012 778 3079 curissime
792 3012 874 3078 oculi
895 3014 927 3078 et
949 3031 1038 3080 mens
1061 3014 1166 3080 nostre
1180 3031 1326 3080 converse
1347 3015 1403 3080 est.
1432 3006 1494 3078 se-

250 3147 321 3194 mus
343 3129 374 3194 te
396 3127 455 3195 Ilei
477 3147 568 3194 ceusu
598 3127 672 3212 quid
699 3127 819 3212 possis;
849 3127 990 3195 nevimus
1012 3127 1086 3213 quid
1115 3127 1207 3204 velis;
1230 3129 1381 3212 quuutum
1401 3129 1495 3194 euleu

250 3243 329 3310 velle
350 3241 461 3310 debeus
483 3261 589 3311 omnes
612 3243 712 3329 ignoti
733 3243 856 3328 uotique
878 3243 1065 3328 intelligunt
1111 3243 1160 3310 hd
1179 3245 1304 3310 *tanum
1319 3246 1422 3312 sutem
1442 3262 1493 3310 us-

249 3359 336 3426 turue
359 3359 538 3439 bonitatem,
560 3359 647 3426 unco
662 3357 897 3426 necessitudinis
919 3360 951 3424 et
972 3378 1046 3444 ergu
1060 3358 1161 3425 Deum
1183 3359 1301 3444 gruum
1323 3359 1423 3428 officio
1442 3357 1493 3425 ud-

250 3474 361 3556 iuncto‚
384 3475 459 3560 quid
472 3477 521 3542 est
535 3476 584 3542 vel
599 3476 665 3541 tem
680 3473 809 3542 orduum
824 3475 904 3559 quod
918 3493 973 3558 pre
988 3475 1151 3559 republica,
1174 3475 1223 3541 vel
1237 3476 1303 3542 tum
1318 3475 1496 3542 lshoriosum

250 3589 331 3676 quod
352 3609 407 3675 pro
429 3592 542 3658 honore
564 3589 623 3656 Dei
645 3591 699 3656 out
721 3591 755 3656 tu
778 3609 839 3657 non
858 3589 1018 3674 suscipere,
1041 3592 1094 3656 uut
1116 3608 1173 3656 nos
1193 3589 1232 3656 de
1254 3591 1287 3657 te
1301 3610 1363 3658 uon
1385 3607 1495 3676 sperurc

251 3705 439 3774 debeamus?
491 3704 651 3774 Cernimus
684 3705 746 3788 ipsi
776 3705 811 3772 in
840 3724 916 3790 quse
949 3706 1086 3790 tempore
1116 3706 1217 3772 vocoti
1253 3706 1293 3772 ud
1321 3705 1380 3773 hoo
1414 3722 1493 3791 prue-

250 3838 344 3906 gruve
365 3820 437 3900 ium,
460 3838 652 3906 nequuquum
667 3822 771 3888 sutem
785 3820 952 3888 iucundum
966 3821 1161 3905 pontificatus
1176 3821 1415 3889 administrandi
1426 3837 1493 3888 onus

250 3934 407 4015 fuerimus,
430 3935 566 4004 inlsustu
588 3935 730 4003 videlicet
752 3938 784 4002 et
805 3936 997 4013 turbulenta3
1027 3936 1137 4021 qubus
1160 3935 1304 4022 quicquid
1334 3935 1492 4004 sunuudum

250 4051 551 4137 confirmandumque
573 4051 790 4136 apprehendes,
820 4053 855 4118 ut
876 4051 911 4118 iu
933 4050 1065 4119 minosie
1094 4051 1262 4136 perietibus
1291 4054 1397 4137 putres
1418 4053 1491 4118 ehu·

251 4166 354 4232 cturue
370 4167 477 4246 solent
498 4166 544 4231 itu
559 4167 618 4233 tibi
632 4166 856 4251 apprehensum
870 4165 904 4232 in
918 4166 1061 4233 munibus
1076 4167 1244 4234 conteritur
1258 4167 1298 4234 ud
1313 4169 1492 4250 nihilumque

252 4277 409 4362 redigitur.
454 4279 622 4348 Tenuimue
650 4281 756 4347 temon
784 4281 849 4348 Deo
878 4280 1041 4348 adinvento
1064 4281 1219 4366 Unguvise
1248 4283 1381 4350 sulutem
1407 4295 1493 4364 usque

254 4391 288 4454 iu
310 4389 490 4456 bodiomum
513 4391 602 4458 diem.
648 4393 713 4460 Nos
736 4394 819 4460 enim
843 4412 998 4462 summum
1013 4397 1158 4480 pecuniae
1181 4415 1257 4481 quse
1279 4397 1355 4464 illuc
1376 4397 1441 4464 eto
1455 4411 1492 4459 re.
