3128 4908
762 269 1007 336 -eie-

255 463 343 530 nobis
373 463 525 549 opinionis
554 464 602 528 est
630 463 823 547 conceptum,
853 461 942 546 qussi
970 463 1005 528 tu
1034 462 1074 529 ad
1102 464 1297 530 commodum
1325 463 1495 548 reipublicae

189 582 193 594 '
254 598 363 664 perum
377 598 544 664 propensus
566 578 619 657 sis,
641 597 791 664 magnum
806 578 894 645 nobis
908 577 1057 645 indicium
1080 578 1210 646 afferunt
1231 579 1424 646 innocentiae
1438 581 1494 646 tuae

254 696 285 762 et
307 695 440 780 optimee
455 695 488 762 in
504 695 636 761 salutem
651 712 844 761 communem
858 694 950 760 istius
972 694 1061 779 regni
1075 694 1252 775 voluntatis,
1274 694 1313 762 de
1328 713 1388 781 qua
1403 697 1493 761 brnen

253 830 309 878 nos
333 829 452 896 semper
472 809 585 878 rectius
613 809 788 877 existimare
815 811 931 878 ceterae
960 813 1032 876 tuae
1053 810 1182 878 virtutes
1212 813 1383 896 coegemnt
1429 808 1492 876 Oen

253 928 336 994 enim
359 927 465 994 doctns
488 927 543 1007 rir,
566 945 636 992 oiim
657 925 781 1011 ingenio
803 943 865 992 non
885 925 1032 992 mediocri
1053 925 1218 1010 praeditus,
1240 945 1312 994 cnm
1333 927 1394 994 Dei
1415 927 1493 992 altis·

253 1041 326 1108 simi
347 1042 486 1110 sacerdos
500 1042 534 1109 in
556 1043 660 1127 ampla
674 1041 826 1128 dignitate
841 1041 1027 1108 constitutus
1050 1042 1102 1122 sis,
1124 1060 1186 1109 non
1199 1041 1356 1127 potuimus
1371 1061 1492 1127 unquen

252 1158 341 1226 nobis
363 1177 487 1244 prorsus
509 1157 733 1242 persuaderete
755 1158 893 1242 publices
916 1157 1049 1225 rationes
1064 1157 1247 1242 posteriores
1267 1158 1398 1244 privetis
1419 1177 1491 1224 oom-

252 1273 352 1342 modis
375 1274 497 1352 ducere;
519 1273 552 1340 id
574 1273 657 1341 enim
672 1275 752 1340 certe
767 1273 929 1360 indignum
951 1275 983 1341 et
1005 1273 1133 1341 minime
1155 1273 1213 1340 tibi
1231 1291 1401 1359 congruum
1415 1275 1492 1340 esset

252 1388 312 1457 Sed
334 1409 405 1458 cum
427 1389 562 1476 quotidie
583 1389 707 1475 eliqnod
729 1389 874 1475 oppidum
896 1392 1029 1475 septiens,
1059 1391 1195 1475 aliquem
1216 1390 1324 1457 urbem
1347 1391 1491 1466 amissam,

252 1507 387 1591 aliquam
403 1506 521 1572 cladem
536 1524 629 1591 regno
644 1506 699 1572 isti
721 1506 844 1572 illatam
859 1505 1042 1585 audiremus,
1065 1523 1136 1572 cum
1151 1505 1231 1591 quod
1245 1506 1402 1592 proprium
1416 1505 1491 1572 iide-

251 1623 342 1688 batur
355 1641 423 1688 esse
446 1623 477 1688 et
491 1621 613 1688 consilii
634 1622 666 1688 et
681 1621 872 1688 auctoritatis
887 1622 966 1699 tuae,
988 1639 1099 1705 parum
1113 1621 1252 1688 adhiberi
1271 1641 1361 1689 curae
1383 1624 1414 1688 et
1426 1639 1490 1706 pro·

250 1737 402 1804 videntiae
424 1737 474 1802 his
496 1739 544 1803 tot
566 1736 657 1803 malis
680 1736 862 1821 repellendis
883 1736 1134 1822 intelligeremus,
1157 1739 1193 1803 ut
1215 1757 1322 1805 sumus
1346 1737 1451 1804 salutis
1465 1739 1490 1803 et

248 1853 471 1920 incolumitatis
491 1852 584 1919 istius
606 1853 638 1919 et
658 1853 741 1936 regis
763 1855 795 1919 et
816 1853 905 1938 regni
927 1851 1143 1932 amentissimi,
1169 1871 1231 1919 non
1253 1853 1368 1920 mirum
1391 1854 1416 1920 si
1436 1853 1490 1918 eli·

249 1971 398 2054 quantum
426 1987 517 2054 aegre
545 1967 682 2047 tulimus,
712 1987 782 2034 oum
811 1987 873 2035 non
901 1967 1112 2053 ignoraremus
1141 1987 1231 2052 posse
1252 1970 1284 2036 le
1306 1970 1335 2035 si
1363 1969 1489 2036 animuin

249 2084 419 2152 adverteres
442 2083 550 2150 multis
580 2085 670 2151 rebus
692 2083 857 2168 providere.
904 2083 970 2151 Hac
993 2083 1116 2168 quidem
1145 2103 1202 2151 nos
1224 2085 1398 2152 extimulati
1423 2102 1488 2150 cnrs

249 2199 387 2284 quotiens
410 2199 498 2266 nobis
520 2199 639 2265 occasio
660 2197 733 2264 deta
754 2200 811 2278 est,
834 2217 910 2283 quae
932 2200 990 2265 boc
1011 2198 1136 2266 iubileei
1158 2219 1238 2267 anno
1261 2201 1381 2281 accidit,
1400 2200 1486 2266 etiem

249 2315 380 2382 crebrior
394 2315 546 2382 voluimus
561 2332 651 2381 nosse
665 2315 697 2380 et
710 2314 816 2381 audire
837 2333 916 2400 quae
929 2315 1012 2381 esset
1025 2315 1182 2382 tantorum
1196 2316 1400 2400 periculorum
1412 2316 1488 2400 origo

247 2432 280 2497 et
301 2449 401 2511 censa
430 2431 465 2497 in
486 2450 546 2516 qua
567 2430 764 2515 inquisitione
786 2431 892 2497 nostra
915 2431 952 2497 de
973 2432 1005 2498 te
1027 2431 1233 2516 potissimum,
1263 2433 1394 2519 ingenue
1414 2433 1487 2500 enirn

246 2546 413 2630 loquemur,
442 2546 582 2631 querelae
604 2545 702 2612 factes
724 2547 805 2626 sunt,
834 2565 889 2612 nec
912 2549 978 2614 tam
1001 2547 1081 2632 quod
1103 2549 1138 2613 tu
1161 2550 1267 2615 auctor
1289 2568 1388 2628 esses;
1415 2566 1485 2614 nnn·
1562 2531 1563 2600 ἒ

247 2680 340 2746 quam
368 2661 451 2728 enim
474 2662 531 2728 boc
553 2661 613 2727 tuit
636 2680 654 2727 c
681 2661 770 2728 nobis
793 2662 963 2746 receptum;
986 2661 1040 2728 sed
1063 2662 1143 2747 quod
1166 2681 1236 2730 cum
1259 2664 1360 2731 multe
1387 2661 1486 2729 rectius

246 2777 392 2845 constitui
420 2796 473 2862 per
502 2777 533 2844 te
561 2779 695 2861 possent,
723 2777 904 2862 negligeres.
949 2775 1049 2858 Quare
1079 2777 1108 2844 si
1135 2777 1216 2846 inste
1245 2781 1278 2846 te
1307 2779 1485 2865 aliquantum

246 2892 463 2972 accusavimus,
479 2912 540 2959 non
554 2892 614 2960 ruit
629 2891 808 2977 repudiandi
822 2895 853 2958 et
867 2891 1035 2959 damnandi
1048 2894 1095 2959 tui
1117 2912 1209 2964 cause
1231 2893 1286 2960 sed
1300 2890 1483 2966 emendendii

246 3007 416 3088 siiniurie,
438 3008 583 3076 critiam
612 3008 753 3093 deinceps
774 3007 953 3092 pmdentiee
981 3011 1060 3089 tuae,
1091 3029 1153 3077 non
1177 3009 1276 3077 solum
1306 3010 1420 3078 crimen
1438 3005 1484 3074 sed

246 3123 446 3208 suspitionem
469 3123 562 3190 etiem
577 3123 716 3190 oriminis
738 3123 877 3209 effugere,
899 3142 960 3209 qua
974 3142 1030 3192 nos
1044 3125 1134 3192 laude
1156 3127 1226 3192 tune
1245 3125 1370 3192 virtutis
1391 3127 1421 3190 et
1440 3123 1482 3190 in·

245 3239 400 3324 tegritntis
423 3258 484 3306 non
512 3241 615 3307 minus
638 3259 731 3325 quam
753 3242 789 3307 tu
804 3242 835 3306 te
857 3240 922 3324 ipse
944 3239 1082 3324 gavisuri
1104 3259 1226 3318 snmus3
1250 3259 1393 3308 memus
1412 3239 1483 3306 einim
1560 3257 1561 3286 i

245 3353 471 3422 fraternitatem
493 3358 580 3422 mom
593 3356 720 3440 paterno
735 3353 844 3422 affeetu
866 3355 898 3422 et
912 3355 946 3421 in
961 3357 1049 3422 tunm
1064 3356 1209 3423 honorem
1225 3373 1261 3421 ac
1276 3355 1368 3423 decus
1382 3353 1482 3442 optino

244 3469 347 3536 animo
370 3489 484 3537 snmus.
530 3468 660 3552 Quodsi
681 3469 757 3537 tntu
778 3471 833 3536 tua
846 3469 980 3537 effecerit
1001 3469 1034 3536 id
1056 3469 1136 3556 qnod
1150 3471 1240 3537 facile
1254 3472 1365 3556 potest,
1388 3471 1421 3537 ut
1437 3483 1482 3535 sne
1559 3541 1560 3550 ,

244 3585 342 3652 virtus
364 3584 445 3671 epnd
474 3604 580 3653 omnes
600 3585 699 3652 nitida
728 3587 760 3652 et
781 3585 913 3651 illustris
935 3587 1088 3671 appareat
1117 3585 1272 3672 intelliges
1297 3586 1385 3654 nobis
1407 3599 1481 3652 omae

243 3719 310 3767 esse
340 3700 524 3786 dignitatem
553 3703 585 3767 et
606 3701 820 3769 euctoii'tatem
848 3699 976 3787 tuam.¹)
1023 3699 1109 3768 Sicut
1138 3703 1169 3768 et
1198 3721 1269 3768 cnm
1298 3701 1408 3769 dilecto
1428 3697 1480 3766 filin

243 3815 404 3884 nnneiseo
418 3816 596 3902 Marsnpino
616 3817 701 3902 regio
717 3819 842 3896 oratore,
865 3816 918 3901 qui
939 3835 1065 3884 causam
1078 3819 1165 3883 tuam
1187 3817 1269 3902 apud
1290 3836 1346 3885 nos
1361 3816 1478 3902 diligen·

242 3931 364 3999 tissime
386 3933 461 4018 egit,
482 3933 577 4000 latim
599 3933 694 4000 locuti
715 3952 822 3999 eumue
845 3935 876 3999 et
891 3933 931 3999 ad
953 3932 1005 3999 dil
1028 3932 1104 4000 item
1127 3932 1169 3999 til
1188 3933 1341 4000 nemnem
1357 3925 1476 4020 (Burgi)

243 4049 388 4116 nuncium
409 4051 547 4116 nostram
569 4048 716 4116 iussimus
738 4048 894 4133 perscribi,
924 4048 1034 4133 quibus
1057 4048 1133 4116 ne·
1155 4050 1209 4115 tna
1238 4047 1330 4116 fidem
1361 4043 1477 4114 babebit

244 4163 360 4228 Detnrn
381 4164 497 4231 Romae
519 4163 569 4230 die
590 4163 648 4229 xxi
671 4164 814 4231 Jennarii
834 4163 965 4230 mdrxri
1010 4164 1100 4231 Anno
1122 4164 1223 4232 tertio.

337 4319 356 4388 ¹)
376 4323 419 4372 Pro
438 4325 514 4372 rerbla
532 4325 683 4383 sequentibus
701 4325 831 4374 habebatur
848 4327 914 4387 prlee
926 4327 951 4374 ln
964 4327 1066 4375 minata:
1084 4325 1169 4383 ‚Slcnt
1180 4339 1232 4375 cun
1245 4327 1330 4376 dilecto
1342 4327 1389 4376 nno
1401 4325 1478 4373 enom

245 4417 345 4476 (sinii)
362 4419 435 4466 latina
452 4420 541 4475 eumne
558 4421 595 4468 col
612 4425 689 4470 tecum
707 4423 886 4470 communicanti
906 4423 994 4472 inas·
1012 4425 1054 4471 tea
1071 4423 1140 4472 fldem
1158 4423 1244 4475 nnbe‘.
