3192 4930
582 279 806 348 ..qq-

96 479 118 538 et
134 477 177 541 tua
199 475 319 542 virtutis
342 476 460 542 indoles
490 477 624 560 requirit.
678 473 764 555 Quod
787 495 856 540 vero
885 475 1018 540 maxime
1040 473 1079 540 ed
1100 473 1268 540 utilitatem
1290 477 1322 540 et

95 592 219 672 privatam
242 595 327 656 tuam
350 595 381 656 et
402 611 594 657 communem
619 569 776 656 universae
790 590 1025 657 christianitatis
1048 591 1180 674 pertinet
1203 591 1234 655 id
1257 591 1319 656 cel·

95 705 233 772 situdinem
255 709 343 772 tuam
366 709 396 772 et
418 708 571 791 poscimus
594 709 626 772 et
648 707 806 772 hortamur
828 711 863 771 ut
885 705 1128 771 coniunctionem
1152 709 1187 770 nt
1209 705 1318 772 amici·

93 821 151 886 darn
171 828 202 888 ut
229 825 409 906 perpetuum
431 825 463 886 et
492 823 602 888 stabile
631 823 744 888 amoris
768 827 859 906 etque
881 821 1090 888 observantiae
1121 820 1227 887 foedus
1250 841 1320 888 curn

92 935 142 1016 ipso
162 938 285 1002 Henrloo
315 957 385 1022 rege
408 939 555 1002 avunculo
579 941 630 1002 tuo
653 937 814 1013 custodies,
844 937 897 1021 qui
929 957 999 1002 oum
1021 937 1055 1006 in
1083 937 1167 1002 omni
1195 957 1266 1002 cure
1289 939 1320 1002 et

93 1052 172 1118 stude
199 1073 299 1118 rernm
329 1053 451 1118 tuarum
481 1057 609 1136 tuaeque
637 1051 804 1118 firmandae
835 1055 866 1117 et
894 1052 1126 1136 amplificandae
1156 1052 1319 1136 dignitatis

91 1184 190 1234 omnem
210 1187 345 1235 amorem
369 1169 401 1233 in
422 1171 454 1233 te
476 1167 572 1251 patris
596 1168 801 1233 amantissimi
827 1167 974 1245 exhibeat
998 1169 1086 1232 tuum
1110 1167 1246 1232 vicissim
1270 1169 1319 1234 est

90 1282 179 1362 optimi
200 1283 256 1348 lilii
278 1301 352 1367 erge
374 1301 443 1348 eum
474 1282 575 1348 studia
597 1283 755 1367 officiaque
777 1283 939 1367 praestare,
969 1301 1027 1366 quo
1050 1283 1172 1366 quidem
1196 1285 1320 1348 mutuae

90 1395 286 1465 benivolentiae
317 1399 585 1482 observantiaeque
613 1399 733 1462 vinculo
763 1399 898 1481 primum
926 1417 973 1462 res
1004 1398 1091 1482 regni
1114 1397 1160 1463 tui
1191 1397 1318 1464 stabiles

89 1514 162 1594 atque
182 1515 370 1598 tranquillae,
400 1513 508 1580 deinde
531 1513 740 1578 christianitas
762 1515 828 1578 tota
850 1533 998 1596 magnum
1027 1514 1161 1580 fructum
1183 1512 1318 1596 accipiet,

89 1645 151 1708 quae
170 1649 245 1694 nunc
267 1630 358 1694 bellis
372 1649 585 1713 usquequaque
599 1631 629 1692 et
646 1628 805 1694 discordiis
827 1629 968 1708 lacerata,
991 1646 1101 1694 nomen
1116 1628 1219 1713 ipsum
1234 1629 1318 1713 pacis

87 1741 256 1829 lmcbrmque
285 1746 419 1829 aliquem
448 1745 623 1812 concordiae
645 1747 677 1809 et
698 1745 905 1810 consensionis
935 1743 967 1808 iu
992 1744 1077 1811 vobis
1107 1743 1223 1810 duobus
1246 1747 1317 1810 tan-

86 1877 164 1940 quam
184 1863 351 1946 exemplum
373 1863 405 1926 et
426 1859 552 1926 initium
567 1860 737 1926 communie
761 1859 979 1943 pacificationis
1003 1857 1085 1924 felici
1108 1859 1242 1942 auspicio
1263 1879 1315 1924 ao-

86 1977 191 2054 ceptna
211 1978 264 2040 est.
288 1973 443 2054 Quantum
466 1977 570 2040 autem
592 1974 742 2040 commodi
758 1993 793 2039 ex
808 1973 944 2040 amicitia
968 1975 1046 2038 inter
1061 1974 1211 2040 finitimos
1227 1993 1316 2057 prae-

87 2090 178 2154 sertim
205 2092 235 2156 et
256 2089 434 2175 cognatione
464 2091 548 2154 arcta
570 2090 688 2154 iunctos
718 2089 864 2172 capiatur,
895 2091 1042 2172 quantum
1066 2108 1102 2155 ex
1124 2087 1249 2154 adverso
1278 2091 1317 2154 ob

86 2200 232 2270 discordias
261 2205 479 2271 detrimentum
508 2209 561 2269 tna
585 2204 740 2281 celsitudo,
765 2205 837 2268 licet
860 2205 958 2269 aetate
982 2204 1081 2270 iunior
1104 2205 1153 2282 sit
1183 2205 1319 2272 bonitate

85 2319 174 2384 tamen
195 2321 307 2404 ingenii
330 2320 393 2384 iem
415 2321 516 2403 potest
538 2319 716 2402 intelligere.
748 2318 812 2384 Nos
836 2320 924 2398 certa
947 2320 1057 2403 quibus
1076 2321 1208 2385 maxime
1230 2340 1318 2387 curae

84 2435 125 2496 est
146 2453 240 2516 pacem
269 2437 300 2500 et
322 2435 565 2500 benevolentiam
589 2437 619 2498 et
641 2434 801 2499 conciliare
831 2434 942 2517 ubique
965 2437 996 2500 et
1019 2435 1211 2502 conciliatam
1243 2455 1316 2501 con·

86 2565 194 2627 servam,
222 2553 345 2633 patemo
368 2551 470 2638 auimo
493 2551 551 2614 tibi
574 2550 760 2615 consulimus
785 2553 818 2614 ut
840 2550 887 2615 tui
908 2549 1049 2614 avrrnculi
1072 2550 1203 2634 Angliae
1237 2552 1317 2634 regis

84 2663 210 2729 eximiam
225 2665 256 2730 in
279 2668 309 2730 te
325 2685 401 2748 quae
416 2666 504 2731 uobis
528 2667 600 2730 nota
615 2668 645 2730 et
664 2665 771 2730 mrdtis
796 2665 894 2748 signis
909 2666 972 2730 iarn
988 2668 1143 2749 perspecta
1159 2668 1206 2732 est
1222 2668 1314 2732 bene-

86 2777 229 2846 volentiam
252 2783 283 2846 et
305 2781 520 2846 charissimam
550 2781 661 2845 habere
684 2781 714 2844 et
737 2783 912 2863 perpetuam
944 2780 1065 2846 studeas
1089 2781 1225 2847 renuere.
1279 2783 1315 2848 In

83 2911 134 2972 quo
147 2913 285 2978 magnum
301 2915 417 2979 quoque
432 2897 520 2960 tuum
543 2915 614 2978 erga
638 2915 693 2960 nos
717 2895 776 2978 ipsi
798 2895 931 2960 officium
949 2897 1066 2962 sensuri
1088 2917 1208 2962 sumus:
1232 2899 1319 2964 tenta

83 3007 154 3073 eninr
176 3015 243 3076 suut
264 3011 349 3076 illius
380 3011 545 3076 clarissimi
567 3013 598 3075 et
620 3010 818 3076 invictissimi
841 3011 921 3096 regis
945 3031 1018 3094 erga
1040 3031 1094 3077 nos
1118 3015 1149 3076 et
1172 3011 1317 3078 Sanctam

87 3119 179 3190 Sedeas
201 3127 398 3210 apostolicam
420 3126 538 3204 menta,
563 3128 596 3190 ut
611 3144 671 3191 non
686 3126 788 3210 ipsum
812 3127 910 3191 solum
934 3127 985 3191 sed
1010 3145 1213 3211 quaecumque
1236 3127 1320 3194 illius

84 3239 147 3302 sunt
158 3243 207 3306 aut
221 3241 310 3306 illurn
326 3260 442 3324 quoquo
459 3241 581 3306 nomine
596 3241 723 3306 titulove
739 3242 898 3326 attingunt
913 3241 1091 3326 gratissima
1107 3243 1319 3325 acceptissima

84 3351 244 3422 charissima
275 3375 394 3438 semper
416 3356 513 3420 simus
543 3357 692 3422 babituri:
723 3357 843 3422 nullum
872 3358 955 3422 euim
978 3359 1026 3424 ert
1048 3377 1146 3441 genus
1170 3359 1317 3443 obsequii,

85 3469 173 3534 nullus
193 3472 299 3538 modus
322 3471 540 3548 observantiae,
571 3473 656 3537 nulla
679 3472 773 3538 officii
794 3473 978 3556 praestanda
1000 3473 1078 3538 vetio
1101 3493 1160 3557 que
1183 3493 1244 3540 non
1266 3475 1320 3540 ille

85 3599 133 3646 nos
151 3587 178 3650 et
198 3587 274 3652 hanc
289 3585 436 3651 Sanctam
451 3585 559 3652 Sedem
583 3587 748 3653 demeritus
763 3587 870 3653 fuerit:
893 3587 975 3654 idem
990 3589 1084 3654 armis
1100 3588 1181 3654 idem
1204 3590 1318 3656 litteris

89 3692 149 3762 Sed
162 3703 338 3784 apostolicae
355 3701 439 3766 duris
455 3703 642 3785 temporibus
658 3722 718 3768 non
734 3702 838 3781 defuit
861 3703 942 3768 idem
957 3706 1100 3788 perpetuo
1123 3706 1154 3770 et
1171 3705 1320 3790 singulari

86 3811 157 3879 cultu
177 3817 259 3883 illam
275 3819 450 3900 prosecutus
467 3819 513 3882 est
536 3821 570 3882 ut
585 3821 734 3900 quantum
750 3819 797 3884 illi
821 3818 983 3884 debeamus
1007 3819 1056 3884 vir
1072 3818 1224 3903 possimus
1241 3820 1319 3886 scri-

88 3923 169 3994 bendo
195 3952 443 4009 commemorare;
468 3952 559 4016 quum
583 3934 677 3998 etiam
699 3935 780 3998 inter
808 3936 1025 4000 aesomnium
1054 3935 1222 4000 officiorum
1245 3955 1319 4002 con·

87 4039 249 4112 iunctiensm
265 4048 394 4112 dilectus
409 4047 492 4112 tilius
508 4051 610 4113 noster
625 4049 759 4114 Thomas
775 4049 938 4115 cardinalis
954 4051 1152 4116 llboreeensis
1168 4053 1272 4116 noster
1290 4053 1321 4115 et

92 4151 362 4246 sedisapostolicae
386 4163 418 4229 iu
441 4163 545 4227 eodem
568 4183 661 4247 regno
684 4165 804 4248 legatus
835 4184 889 4229 sna
912 4166 1061 4248 prestanti
1091 4165 1240 4248 sapientia
1264 4165 1321 4230 alit

92 4276 117 4333 vt
129 4275 255 4361 adauget
278 4298 367 4362 quem
383 4279 476 4344 etiam
501 4281 652 4344 sensimus
668 4279 859 4345 celsitudinis
882 4283 951 4344 tuae
968 4279 1227 4345 studiosissimum
1246 4301 1320 4346 esse.

91 4381 154 4452 Cum
173 4409 240 4478 ergo
263 4394 329 4478 ipse
350 4413 401 4458 rer
417 4394 566 4460 Heurious
590 4394 627 4459 de
642 4395 817 4461 huiusmodi
832 4395 1086 4461 monasteriorum
1108 4395 1209 4462 intuo
1228 4414 1321 4484 regno
