3152 4902
584 344 806 412 ..83-

84 554 260 621 amoremque
282 555 355 623 erga
378 539 409 604 te
431 538 489 606 tibi
510 538 678 606 declararet
698 541 847 620 nostrum,
870 540 920 606 cui
942 542 977 606 ut
999 541 1033 606 tn
1047 540 1115 625 pari
1137 538 1318 623 respondeas

84 652 223 718 uoluntate
252 654 284 718 11
311 653 469 719 hortamur
497 655 666 738 plurimum
694 655 727 720 in
749 656 880 721 Domino
910 655 1099 722 devotionem
1123 657 1209 721 tuam
1232 658 1320 722 1111

84 766 185 832 dictum
207 768 380 852 episcopum
411 769 541 835 libenter
562 769 669 836 audias
699 769 849 855 fidemque
871 771 918 837 illi
947 772 1091 854 praebeas
1115 771 1320 837 indubitatam

84 902 113 947 ac
132 884 158 947 ei
178 883 210 948 in
232 884 317 949 omni
347 883 464 950 actions
493 887 546 950 tna
568 885 681 951 virtute
711 887 743 950 et
765 905 855 969 opera
884 887 1014 952 assistas
1045 887 1186 969 potimus.
1232 883 1320 967 Quod

84 998 164 1062 iacies
185 999 272 1064 nobis
297 1019 487 1084 summopers
507 1003 640 1084 gratum.
685 1001 800 1068 Datum
825 1055 831 1067 .
855 1053 862 1068 .
886 1054 893 1068 .

672 1259 725 1326 57.

524 1423 669 1485 Dilecto
692 1426 764 1484 tilio
788 1467 797 1486 .
821 1466 830 1485 .
855 1467 863 1487 .

164 1581 202 1642 B.
247 1577 367 1644 Dilecta
389 1578 443 1646 tili.
483 1577 569 1645 Vivit
584 1579 616 1645 in
631 1580 734 1646 auimo
749 1582 852 1646 nostro
867 1582 988 1646 tuorum
1004 1581 1235 1664 praeteritorum
1250 1583 1320 1649 ofli-

84 1693 187 1759 eiorom
208 1693 355 1760 memoria
377 1713 453 1778 qnae
476 1695 589 1778 partim
612 1696 752 1778 oporibus
775 1695 889 1780 partim
911 1697 1006 1762 etiam
1029 1698 1196 1763 voluntatis
1218 1699 1319 1783 signi-

86 1809 211 1876 ficatione
225 1809 296 1875 hnic
312 1807 441 1876 Sanctae
456 1809 528 1876 Sodi
550 1811 713 1894 prebuisti;
736 1813 774 1877 ob
790 1831 866 1895 quaa
881 1832 952 1877 cnm
968 1813 1183 1880 statuissemus
1198 1815 1321 1882 mittere

85 1924 226 1991 11111111
248 1925 337 1991 nobis
359 1925 551 1991 carissimam
580 1927 735 1993 nationem
764 1946 829 1992 ven.
859 1927 985 1994 fratrem
1007 1928 1040 1993 Ε.
1063 1927 1237 2012 episcopum
1256 1931 1319 1996 Ve-

87 2039 214 2106 urlannm
236 2040 383 2106 nuncium
404 2042 553 2120 nostrum,
576 2042 629 2126 qui
651 2043 682 2108 11
704 2043 819 2107 veteres
836 2043 1060 2109 coniunctiones
1083 2044 1276 2111 confirmaret
1290 2048 1322 2111 et

86 2174 151 2236 quae
171 2156 286 2221 nomini
300 2155 456 2222 Helvetico
479 2157 665 2222 adsalutem
687 2159 719 2222 et
740 2157 779 2222 ad
802 2157 892 2223 decus
916 2159 1019 2225 cedere
1042 2159 1261 2244 dignoscuntur
1274 2161 1321 2226 ibi

85 2272 249 2336 austeritate
272 2273 376 2336 nostra
398 2273 584 2354 procurarem
615 2271 761 2337 iussimus
790 2292 861 2338 eum
884 2275 1016 2340 multum
1046 2275 1112 2358 opis
1136 2276 1167 2341 et
1189 2275 1261 2342 fidoi
1284 2276 1319 2341 in

86 2385 131 2448 tae
151 2386 234 2451 nobis
257 2386 334 2451 bone
362 2386 434 2450 nota
465 2387 576 2452 virtute
599 2389 630 2452 et
651 2386 809 2453 devotione
838 2405 948 2471 ponere
970 2408 1005 2454 ac
1028 2391 1063 2454 ut
1085 2392 1139 2455 tua
1160 2391 1321 2474 prudentia

86 2501 112 2562 ct
131 2500 286 2566 sedulitate
308 2503 443 2567 uteretur
471 2501 694 2579 mandavimus,
724 2521 816 2585 quam
838 2503 914 2568 certi
943 2523 1049 2569 samus
1072 2506 1160 2571 nobis
1182 2523 1243 2571 non
1265 2505 1319 2572 de·

87 2613 215 2682 futuram
252 2617 419 2683 Hortamur
448 2616 543 2700 igitar
566 2618 758 2683 devotionem
781 2618 867 2683 tuam
889 2617 923 2683 in
945 2619 1077 2686 Domino
1100 2623 1135 2686 ut
1156 2621 1219 2704 ipsi
1241 2620 1322 2688 dioto

86 2729 140 2795 iam
160 2732 296 2816 episcopo
319 2731 411 2797 tidem
435 2750 588 2797 summam
617 2733 727 2798 babere
750 2733 837 2816 eique
866 2733 1010 2799 assistere
1032 2736 1117 2801 omni
1139 2735 1192 2800 tua
1213 2755 1269 2820 ope
1291 2739 1323 2802 et

87 2847 252 2911 austeritate
275 2846 352 2912 velis
382 2865 440 2930 quo
462 2846 516 2913 ille
538 2845 684 2912 mandata
707 2865 725 2912 a
747 2847 836 2913 nobis
865 2849 1030 2914 commissa
1059 2851 1228 2934 expeditius
1250 2872 1320 2937 per-

87 2957 164 3026 ticere
185 2961 297 3044 pessit;
320 2961 434 3046 inquo
456 2964 487 3028 et
509 2981 575 3026 rem
597 2963 734 3044 optatam
756 2962 845 3028 nobis
868 2963 961 3029 facies
984 2965 1015 3030 et
1036 2965 1169 3048 gratiam
1192 2984 1211 3031 a
1233 2968 1321 3033 nobis

86 3091 116 3136 ac
136 3079 270 3141 mutuam
292 3075 353 3140 tibi
373 3076 558 3160 obsequendi
580 3076 768 3142 voluntatem
789 3079 947 3162 experiere.
993 3080 1109 3146 Datum
1132 3133 1138 3147 .
1163 3133 1169 3146 .
1194 3133 1201 3147 .

671 3335 723 3401 58.

539 3499 676 3560 Dilecto
698 3499 770 3559 lilio
794 3539 803 3560 .
826 3539 836 3561 .
859 3540 869 3560 .

172 3654 202 3717 0.
222 3654 344 3720 Dilecta
357 3651 412 3719 fili
435 3651 510 3718 Cum
527 3654 642 3737 optime
657 3672 905 3738 cognosceremus
915 3653 1104 3720 devotionem
1120 3657 1206 3722 tuam
1215 3659 1328 3727 virtute

91 3767 118 3828 11
136 3768 276 3852 religione
300 3767 417 3851 insigni
431 3768 601 3851 praeditam
624 3787 700 3846 esse,
723 3788 758 3834 ac
773 3768 847 3852 quid
869 3771 1060 3836 auctoritatis
1083 3771 1163 3836 inter
1179 3774 1248 3839 tuos
1270 3775 1325 3840 cb-

91 3877 192 3947 tiueree
214 3883 305 3948 etiam
328 3886 517 3966 compertum
539 3884 730 3965 haberemus,
759 3882 887 3950 fidentes
919 3885 1064 3951 maiorem
1088 3886 1120 3951 in
1143 3888 1268 3954 modum
1291 3909 1326 3956 ea

93 3997 207 4063 consilia
228 4001 258 4064 11
279 4017 370 4082 opera
392 4017 468 4081 quae
490 3999 581 4065 buius
604 3997 733 4065 Sanctae
757 3997 844 4064 Sedis
868 3999 1052 4084 dignitatem
1074 4021 1144 4067 curn
1167 4001 1258 4068 istius
1274 4005 1324 4071 in·

94 4110 179 4179 rictas
200 4115 331 4181 nationis
353 4114 442 4180 laude
466 4115 623 4199 saluteque
646 4114 834 4198 coniungunt
857 4115 914 4179 tibi
937 4117 1026 4200 grata
1048 4115 1165 4194 forest
1187 4120 1327 4201 accepta:

94 4223 227 4294 iussimus
249 4250 312 4296 ven
329 4229 456 4296 fratrem
472 4229 505 4294 ld.
521 4229 696 4312 episcopum
713 4230 900 4295 Verulanum
916 4249 1007 4314 quem
1024 4231 1170 4296 nuncium
1188 4236 1329 4299 nostram

94 4339 164 4406 11111
183 4343 343 4424 mittimus,
366 4347 467 4410 111111
490 4344 690 4428 cogitationes
713 4348 745 4410 11
766 4364 814 4410 111
837 4347 957 4411 nostras
976 4345 1109 4411 conferre
1131 4347 1163 4411 11
1185 4365 1325 4414 commu·

97 4455 199 4536 uicere3
227 4461 316 4543 atque
339 4461 392 4525 ubi
414 4479 489 4543 opas
512 4463 594 4525 esset
616 4462 702 4524 taam
733 4459 793 4524 sibi
815 4478 936 4543 operam
960 4462 991 4526 et
1013 4460 1157 4527 1111111111
1180 4463 1213 4528 in
1235 4483 1324 4548 pera-

1133 4567 1172 4638 6*
