3152 4902
577 328 817 398 -155-

90 526 240 612 suspitione
255 529 326 594 tuae
341 527 492 594 alienatae
507 545 526 592 a
540 526 629 594 nobis
651 525 820 593 voluntatis
842 523 875 590 id
890 523 1134 592 existimaremus
1157 521 1323 608 procedere,

89 643 156 728 quod
177 663 209 711 eo
230 645 312 710 esset
334 643 422 710 nobis
445 643 605 709 molestius
629 661 687 728 quo
710 641 813 708 minus
827 641 936 708 merito
958 643 1063 707 nostro
1078 640 1234 718 accideret,
1257 639 1322 707 ete·

89 759 143 825 nim
164 779 230 826 cum
251 761 306 826 tua
329 765 425 826 serso
447 759 550 824 omnia
571 760 661 845 pleue
676 760 708 824 et
724 757 846 842 penitus
862 757 985 842 cognita
998 756 1148 837 habuerit
1170 757 1324 842 intelliget

89 894 134 940 nos
153 875 248 960 ipsius
271 895 338 942 esse
361 876 393 940 et
416 893 536 959 semper
549 873 645 940 iuuisse
668 873 907 940 amantissimos.
954 871 1014 940 Sed
1036 874 1067 939 et
1081 873 1116 940 tu
1138 872 1183 938 ita
1206 873 1324 938 amator

89 989 215 1071 iustitias,
238 991 283 1056 ita
305 990 377 1058 fidei
392 991 424 1057 et
438 989 582 1074 promissi
605 991 702 1068 tenax,
726 988 874 1075 quomodo
897 1007 1002 1074 possm
1016 987 1169 1055 iustitiam
1185 989 1216 1054 et
1230 987 1322 1054 fldem
1430 983 1433 992 ’

88 1108 158 1171 tuam
181 1107 303 1172 mnctae
333 1106 426 1172 matri
455 1105 599 1172 ecolosiae
628 1104 805 1191 imploranti
829 1105 1000 1190 denegare?
1030 1105 1160 1171 nonest
1190 1103 1322 1188 prolecto

89 1241 132 1287 nec
152 1225 275 1289 naturae
298 1241 353 1289 neo
376 1219 600 1306 magnitudinis
630 1223 701 1287 tuae
723 1220 804 1288 nolle
828 1221 900 1286 data
923 1239 1001 1305 quae
1030 1223 1081 1286 tuo
1105 1219 1227 1286 nornine
1250 1239 1321 1306 pro·

88 1338 169 1404 missa
198 1341 285 1418 sunt,
315 1357 384 1404 cum
415 1337 448 1404 in
470 1355 504 1404 eo
527 1339 582 1405 nos
612 1355 728 1422 quoque
756 1338 826 1422 plus
850 1355 905 1403 nos
933 1337 992 1404 tibi
1021 1337 1144 1404 reddere
1175 1337 1322 1402 fuerimus

87 1453 200 1536 polliciti
221 1455 377 1539 quamius
400 1472 456 1520 nos
471 1456 613 1538 posceret.
644 1453 685 1520 lli
700 1453 821 1538 quidem
845 1471 906 1519 non
921 1451 1091 1519 diffidimus
1115 1457 1219 1520 ser.lun
1235 1453 1321 1518 tuam

86 1589 156 1636 more
177 1591 229 1637 suo
245 1571 285 1637 ad
300 1569 484 1655 aequitatem
501 1569 532 1636 et
547 1570 586 1636 ad
599 1569 753 1636 iustitiam
768 1589 802 1636 se
816 1568 966 1649 daturam,
990 1569 1043 1636 sed
1064 1567 1172 1636 iooiroo
1188 1567 1322 1636 studiose

86 1684 130 1750 loc
157 1686 333 1771 scripsimus
363 1687 399 1752 ιιι
427 1687 621 1772 cognosceret
650 1691 747 1752 serra·
776 1687 830 1751 tua
853 1687 1001 1770 quantum
1032 1705 1067 1752 ea
1090 1705 1138 1752 res
1167 1685 1256 1751 nobis
1279 1683 1321 1750 sit

86 1801 161 1868 cordi
211 1801 276 1870 Nos
300 1802 422 1888 quidem
446 1801 525 1887 quod
555 1801 768 1887 amplitudinis
791 1803 862 1868 tuae
892 1820 985 1868 eausa
1007 1801 1104 1868 facere
1132 1801 1320 1885 potuerimus

86 1919 138 1982 lam
159 1918 194 1984 de
215 1919 265 1985 his
289 1937 365 2004 quae
394 1918 513 1986 loedere
536 1919 753 2003 comprehensa
783 1919 864 1998 sunt
894 1937 987 2003 quarn
1010 1937 1086 2003 quae
1109 1919 1193 1984 extra
1215 1917 1320 1984 loedus

84 2031 203 2100 iuvenies
225 2053 282 2101 nos
306 2053 425 2119 semper
439 2035 686 2120 promptissimos
710 2034 789 2101 siout
810 2034 845 2102 iu
860 2053 894 2101 oo
910 2035 1004 2101 etiam
1026 2034 1106 2119 quod
1128 2035 1253 2102 anobis
1267 2053 1321 2119 per

84 2147 188 2215 litteras
209 2151 337 2235 petiisti
360 2150 424 2216 iam
446 2150 574 2235 potuisti
596 2151 769 2236 intelligere
791 2169 846 2217 nec
868 2150 1029 2235 quiequam
1051 2149 1170 2236 gratim
1185 2149 1320 2216 habituri

85 2281 176 2330 sumus
205 2284 297 2350 quem
320 2265 379 2331 tibi
400 2267 491 2351 gratu
519 2265 625 2333 lacere.
672 2265 738 2348 Qua
759 2267 835 2333 item
858 2268 894 2332 ut
916 2267 950 2332 tu
974 2283 1047 2352 erga
1075 2285 1131 2332 uos
1153 2263 1230 2333 uelis
1252 2285 1320 2333 esse

85 2379 224 2447 voluntate
247 2388 352 2448 sar.teu
375 2383 461 2447 tuam
477 2381 572 2448 etiarn
595 2385 685 2466 atque
708 2383 802 2450 etiam
817 2381 849 2450 in
864 2382 997 2449 Domino
1020 2384 1217 2462 obtestemur,
1241 2381 1320 2448 sicut

83 2493 162 2562 latius
183 2517 251 2564 cum
275 2517 310 2563 ea
332 2497 414 2564 idem
438 2497 565 2564 nuncius
589 2499 692 2564 noster
713 2497 827 2565 nostris
849 2499 950 2565 uerbis
973 2499 1053 2584 aget,
1077 2498 1126 2564 cui
1148 2499 1204 2564 illa
1225 2497 1316 2564 fidem

84 2629 220 2680 summam
250 2613 385 2680 habebit
430 2615 547 2680 Datum
576 2615 691 2682 Romus
722 2617 777 2682 eto.
807 2614 857 2681 die
886 2635 932 2682 rr.
956 2615 1044 2682 Junii
1065 2615 1184 2682 mdxxv.
1229 2613 1318 2682 Anno

84 2729 205 2796 secundo.

159 2844 226 2911 Non
248 2847 353 2930 posset
369 2849 464 2912 serta·
485 2846 540 2912 tua
562 2845 678 2930 aliquid
694 2846 782 2913 nobis
804 2847 925 2932 gratius
940 2865 1074 2932 unquam
1097 2847 1202 2926 facere,
1225 2865 1317 2930 quam

83 2959 107 3020 et
126 2961 252 3046 accipere
282 2961 421 3028 animum
445 2963 535 3046 etque
565 2980 698 3028 amorem
723 2964 861 3027 nostrum
886 2961 965 3028 siout
987 2981 1042 3028 noa
1072 2961 1130 3028 tibi
1153 2981 1223 3028 eum
1246 2981 1316 3028 cum

82 3077 152 3140 omni
165 3077 221 3144 lide
244 3079 275 3144 et
291 3077 495 3144 benivolentia
517 3077 671 3144 offerimus
695 3097 730 3144 ao
745 3077 891 3158 dieamus,
914 3080 945 3144 et
967 3081 1053 3144 tuam
1068 3077 1156 3144 nobis
1180 3077 1316 3144 vicissim

82 3189 159 3256 tidem
173 3213 206 3258 ac
220 3193 458 3260 benivolentiam
473 3195 616 3277 prestare.
663 3192 749 3274 Quod
765 3195 795 3259 te
810 3193 907 3260 facere
922 3194 1131 3279 intelligemus
1153 3193 1184 3260 et
1199 3193 1315 3278 gaudo-

82 3303 175 3387 timus,
196 3329 266 3375 oum
282 3327 499 3394 cognoscemus
523 3309 580 3374 tibi
603 3328 670 3375 asse
685 3327 790 3374 curam
812 3309 936 3376 honoris
955 3309 1060 3389 nostri,
1084 3311 1115 3375 et
1136 3309 1228 3375 huius
1245 3307 1315 3375 Stes

82 3417 163 3502 Sedis,
183 3427 213 3490 et
235 3425 315 3510 quod
338 3425 372 3491 in
402 3424 519 3490 loedere
542 3427 590 3490 est
612 3425 798 3508 promissum
822 3443 840 3490 a
863 3425 925 3490 tuis
949 3427 980 3491 et
1003 3425 1195 3510 stipulatum
1218 3426 1313 3491 etiarn

82 3553 139 3602 oum
159 3541 290 3607 utilitate
313 3544 403 3607 serti·
431 3542 501 3606 tuae
522 3539 555 3606 id
578 3539 666 3606 nobis
690 3540 912 3607 observandum
935 3541 1141 3618 mandaverit3
1165 3541 1209 3606 sio
1231 3541 1313 3607 onim

82 3652 106 3713 et
125 3673 173 3720 nos
193 3675 228 3722 ee
251 3675 303 3742 spe
327 3658 359 3722 et
382 3655 440 3722 lide
455 3675 547 3740 quam
571 3655 608 3722 do
631 3659 721 3720 ser.lie
739 3657 809 3722 tuae
832 3656 946 3740 optimo
965 3655 998 3722 in
1014 3676 1069 3723 nos
1091 3657 1194 3723 animo
1217 3657 1312 3723 habe·

82 3783 139 3832 mus
158 3789 214 3837 non
236 3770 429 3856 decipiemur,
452 3773 483 3837 et
505 3773 558 3836 tua
582 3775 663 3836 ser.lo
685 3771 772 3836 nobis
795 3773 966 3856 exemplum
982 3771 1200 3857 dignissimum
1222 3791 1312 3838 mon·

82 3883 181 3950 stu-aule
201 3885 238 3952 ad
260 3905 296 3952 sa
318 3905 395 3971 quae
417 3904 470 3970 per
492 3903 548 3952 nos
570 3885 722 3969 promissa
744 3888 817 3951 sunt
838 3888 1025 3955 observanda
1048 3886 1267 3954 constantiores
1282 3887 1313 3956 et

82 3995 245 4068 ardentiores
268 4003 398 4078 erimus3
421 4003 453 4068 et
474 4001 554 4085 quod
577 4021 696 4067 summe
719 4001 925 4069 desideramus
949 4004 981 4070 in
1005 4009 1086 4071 sar.ta
1113 4003 1167 4070 tua
1189 4003 1310 4068 unicam

82 4127 153 4191 spem
174 4115 280 4200 quietis
304 4119 336 4184 et
358 4117 521 4203 dignitatis
544 4119 665 4183 nostrae
688 4117 913 4186 collocabimus.

623 4231 708 4318 (llori
726 4231 747 4318 ).
795 4263 800 4277 ·

395 4349 485 4416 Anno
509 4346 639 4414 secundo
662 4345 780 4416 mdxxv.
825 4349 913 4416 Junii
934 4369 980 4416 rr.

227 4463 348 4534 Caesari
367 4463 580 4549 responsivum
602 4461 641 4528 ad
664 4461 729 4528 eius
751 4463 873 4532 litteras
895 4485 988 4532 manu
1008 4463 1139 4552 propria.
1272 4493 1275 4504 ·
