3128 4908
562 297 806 364 ..251-

648 495 720 562 190.

434 641 589 702 Domino
612 641 658 703 de
680 640 928 704 valdemonte.

144 778 263 846 Dilecte
286 779 340 845 fiii.
385 779 445 845 Pro
468 798 504 845 ea
526 798 598 845 cura
621 797 714 863 quam
736 778 773 843 de
796 779 850 845 tua
865 778 1017 862 dignitate
1035 777 1199 844 maximam
1223 777 1305 862 gari-

67 913 127 958 mus
149 895 181 960 et
201 915 256 979 pro
278 895 324 962 eis
347 893 457 962 officiis
480 914 555 980 quaa
578 895 634 961 abe
657 898 688 963 te
716 895 805 962 uobis
828 897 859 960 et
880 893 951 961 huie
975 891 1045 960 sao
1069 891 1140 960 Sodi
1169 895 1308 977 impensa

67 1011 138 1085 sunt
160 1029 230 1076 aum
253 1011 329 1078 certi
353 1011 450 1077 simus
473 1011 503 1077 te
532 1011 599 1094 paui
622 1030 724 1077 amora
747 1009 848 1077 studio
877 1009 1070 1077 observantia
1094 1009 1211 1093 reliqua
1233 1009 1306 1075 etio·

66 1127 183 1202 uturum,
213 1127 365 1210 pertineat
394 1128 497 1193 autem
520 1125 557 1191 ad
581 1127 776 1192 nostramet
804 1127 889 1192 tuam
914 1126 945 1192 et
968 1125 1098 1193 Sanctae
1121 1121 1208 1192 Sedis
1231 1145 1305 1208 apo-

67 1241 181 1309 stolicae
194 1243 364 1309 utilitatem
379 1241 483 1330 aliqua
505 1261 595 1326 agere
611 1261 687 1325 quae
701 1261 782 1308 nuno
797 1244 918 1326 tempus
937 1241 968 1308 et
983 1241 1149 1308 necessitas
1163 1241 1307 1326 postulat,

67 1357 267 1424 commisimus
290 1357 343 1428 clii.
358 1357 399 1425 iil.
415 1377 446 1425 u.
461 1357 635 1442 Augustino
657 1365 693 1423 at
714 1379 823 1442 mpru,
846 1393 891 1406 -

649 1612 720 1678 191.

501 1758 590 1820 Ducl
613 1758 857 1820 venetiarum.

145 1895 263 1964 Dilaote
285 1895 339 1962 iili.
385 1893 533 1964 mevenit
547 1895 576 1962 ei
590 1895 705 1964 amoris
719 1897 751 1963 et
764 1895 893 1964 foederis
909 1894 1115 1964 coniunctioni
1129 1913 1189 1980 qua
1205 1894 1307 1962 tecum

67 2011 177 2080 etcum
198 2012 261 2079 isto
290 2011 406 2078 illustri
428 2011 563 2080 dominio
592 2012 624 2078 et
647 2025 753 2080 sumus
776 2015 808 2081 et
830 2013 971 2080 volumus
1000 2031 1069 2080 esee
1091 2027 1211 2096 semper
1232 2029 1305 2078 oon-

68 2127 166 2206 sulcu,
188 2129 223 2195 ut
237 2129 393 2196 aetium
407 2127 591 2206 nostrarum,
614 2129 778 2213 postquam
792 2129 830 2197 ele
844 2129 909 2196 illis
932 2147 1002 2196 oum
1016 2127 1070 2196 uit
1085 2127 1228 2194 sa'uobili
1243 2127 1308 2194 viro

68 2241 165 2312 Carolo
185 2245 223 2312 de
244 2245 276 2311 la
305 2243 376 2329 Noy
398 2243 535 2328 ricerega
563 2243 767 2328 Neapolitano
795 2245 847 2311 hic
875 2262 957 2312 nuuc
984 2243 1066 2328 apud
1094 2262 1149 2312 nos
1179 2242 1308 2328 apro

67 2359 259 2438 marcuinus,
280 2361 400 2428 „opem
414 2361 500 2428 tuam
515 2359 674 2428 certiorem
688 2360 846 2440 Manus,
869 2377 1043 2446 quanquam
1064 2359 1137 2426 illas
1151 2379 1187 2426 er
1202 2357 1308 2426 dilecti

67 2473 118 2542 sulii
137 2475 290 2544 Domiruici
311 2475 436 2544 Venerii
458 2475 586 2543 oratoris
616 2475 697 2560 apud
718 2492 775 2544 noe
797 2476 893 2544 vestri
921 2475 1036 2542 litteris
1059 2477 1091 2542 et
1114 2495 1179 2543 reu.
1203 2473 1308 2542 iratris

68 2591 189 2677 episcopi
209 2591 350 2660 Pelousis
372 2591 475 2660 nuntii
495 2591 576 2677 apud
590 2611 645 2658 voa
667 2591 765 2658 nostri
788 2611 934 2670 samona,
949 2611 1005 2660 roa
1023 2591 1201 2676 cognovisse
1223 2589 1306 2658 arbi-

68 2707 181 2774 tramur.
227 2707 287 2776 Sei
308 2727 358 2774 res
380 2707 448 2792 ipsa
470 2707 551 2792 quod
565 2723 635 2776 cum
658 2707 807 2776 caesareis
821 2707 948 2774 ducibus
971 2707 1011 2774 acl
1032 2707 1187 2791 pactiones
1208 2707 1241 2772 et
1255 2723 1306 2772 ar-

69 2841 177 2890 morum
198 2843 233 2890 uc
255 2825 329 2890 belli
351 2843 404 2907 per
426 2825 493 2890 octo
515 2839 636 2890 menses
661 2823 891 2908 suspensionem
914 2825 1132 2890 accesserimus
1155 2823 1232 2889 satis
1254 2841 1308 2907 per

70 2955 99 3002 aa
118 2940 215 3021 patore
242 2939 359 3023 potest;
389 2937 469 3022 quod
497 2958 568 3006 vero
591 2957 654 3007 non
683 2939 782 3006 solum
811 2939 969 3007 voluntate
991 2941 1022 3006 et
1051 2937 1201 3007 desiderio
1223 2938 1307 3023 pacis

70 3071 121 3135 quo
140 3054 182 3121 ita
202 3055 304 3120 affecti
326 3073 444 3139 semper
466 3054 582 3124 fuimus
597 3055 633 3122 ut
654 3071 724 3122 earu
745 3073 806 3123 uon
828 3054 930 3140 magis
944 3054 1033 3122 noble
1056 3073 1149 3138 quarn
1164 3053 1307 3122 omuibus

70 3186 213 3250 procurare
234 3173 325 3255 atque
347 3169 464 3238 officere
486 3189 672 3255 cuperemus,
704 3189 809 3237 rerum
833 3170 928 3238 etiarn
949 3169 1154 3255 irrefragabili
1175 3169 1307 3253 quadam

71 3285 236 3352 emate
250 3286 402 3370 compulsi
416 3285 456 3352 acl
469 3286 527 3352 bas
542 3287 698 3370 pactiones
713 3285 965 3366 descenderimus,
988 3285 1021 3353 id
1036 3285 1075 3352 ad
1090 3303 1145 3354 nos
1160 3285 1308 3369 pertinuit

71 3399 132 3465 tuae
149 3403 236 3468 nob.ti
259 3401 373 3469 litteris
401 3401 543 3469 inclinare.
588 3401 713 3470 Etenim
736 3401 764 3467 si
786 3419 872 3468 arma
901 3401 956 3468 illa
983 3403 1089 3470 nostra
1118 3401 1158 3468 acl
1187 3401 1306 3468 nullum

72 3517 248 3583 commodum
269 3517 410 3584 nostrum
433 3517 485 3584 scd
515 3517 553 3584 ab
575 3518 732 3601 publicum
754 3517 990 3584 christianitatis
1019 3518 1135 3584 bonum
1167 3518 1308 3601 suscepta

72 3627 179 3698 fuerunt
206 3631 341 3716 amplius
369 3632 403 3697 in
431 3633 496 3699 illis
526 3635 632 3700 tamen
660 3631 901 3717 permansimus,
931 3652 1023 3718 quam
1045 3653 1094 3700 res
1117 3635 1148 3699 ot
1176 3633 1307 3698 facultas

73 3748 162 3813 nostra
181 3747 336 3814 rideretur
356 3767 445 3833 posse
468 3749 612 3826 toleraro;
642 3747 783 3814 omnibus
812 3747 896 3814 onim
917 3748 1119 3834 vectigalibus
1142 3749 1306 3827 exhaustis,

74 3861 194 3929 omnium
208 3861 409 3930 familiarium
424 3865 599 3930 nostrorum
614 3863 750 3948 pecumis
765 3863 963 3948 consumptis,
986 3883 1056 3932 cum
1071 3863 1134 3929 iam
1149 3881 1307 3948 egeremus

75 3977 145 4044 omui
164 3979 201 4045 acl
222 3979 390 4065 gerendum
412 3979 529 4045 bellurn
544 3978 714 4045 necessaria
737 3977 890 4058 facultate,
914 3979 1028 4045 fuimus
1043 3980 1147 4044 tamen
1162 3980 1305 4044 consten-

75 4090 151 4160 iiores
171 4115 262 4180 quam
291 4094 380 4162 nobis
401 4094 586 4179 expediebat
615 4097 647 4161 et
669 4113 739 4162 oum
762 4094 841 4162 viras
861 4095 963 4176 nullas
984 4094 1174 4171 moeremus,
1203 4093 1306 4160 animo

75 4203 117 4272 liu
136 4211 289 4285 stetimus;
312 4209 365 4276 sel
389 4208 416 4275 ai
438 4211 560 4277 nullum
581 4211 720 4278 nostrum
743 4209 936 4276 commodum
959 4209 1038 4274 bello
1061 4210 1093 4276 at
1114 4208 1249 4288 matema
1279 4209 1307 4274 ei

75 4339 103 4386 aa
121 4323 155 4391 acl
175 4327 297 4394 noemae
319 4326 422 4409 partes
446 4343 479 4392 ee
501 4324 636 4394 dedisset
658 4325 747 4392 nobis
770 4325 952 4409 quereretur,
974 4341 1037 4392 nou
1058 4322 1117 4392 fuit
1138 4323 1233 4393 ubam
1254 4323 1305 4392 iu·

75 4437 143 4504 stum
163 4441 193 4506 et
221 4457 351 4524 aequum
375 4437 464 4506 utin
487 4459 543 4508 nos
571 4439 768 4525 potissimum
798 4437 901 4506 omnia
923 4438 1056 4523 pericula
1085 4438 1174 4517 belli,
1204 4438 1306 4508 omnia
