3258 4904
761 297 1006 370 ..432-

257 517 348 582 snpra
377 497 445 564 enla
475 496 579 564 strada
607 498 741 563 massora
771 496 838 563 sino
867 515 886 562 a
915 515 971 562 ean
1001 495 1129 573 Lazaro,
1158 494 1238 560 eirea
1266 512 1308 559 nn
1337 493 1449 578 miglio
1480 495 1514 559 et

256 613 380 698 meggio
402 613 449 680 ool
463 612 528 679 fooo
550 611 584 678 in
598 630 689 678 mano
712 611 904 678 abbrnsando
919 611 994 677 tutti
1015 611 1041 675 li
1059 609 1178 694 palacii,
1200 628 1269 675 case
1283 610 1315 675 et
1330 609 1512 687 habitaculi,

256 729 281 793 ii
302 727 389 794 eheie
412 729 492 794 stato
514 746 575 794 una
590 726 814 812 compassione;
838 747 870 794 ee
885 726 1009 811 giudioa
1031 726 1055 791 ii
1070 726 1171 792 danno
1194 725 1415 804 inextimabile,
1432 725 1511 790 oltre

256 844 286 909 le
306 843 404 910 bestie
426 843 562 928 pigneio,
584 842 657 910 fatti
677 843 810 927 prigioni
833 845 865 909 et
893 841 1017 926 tagliati
1039 842 1141 908 arbori
1169 840 1292 908 infiniti.
1338 843 1373 908 Io
1397 861 1432 906 so
1455 841 1512 906 ohe

257 979 290 1026 ee
312 959 407 1026 laeoia
428 961 460 1025 1ι
481 958 614 1024 mantria
635 977 688 1042 per
710 958 877 1026 molt’anni
905 977 959 1026 ore
991 958 1167 1042 e’alloggia,
1195 960 1227 1024 et
1249 959 1315 1024 tuto
1339 958 1368 1023 ei
1391 957 1408 1022 d
1431 957 1513 1022 facto

257 1094 310 1159 per
332 1093 392 1141 non
414 1073 545 1142 mentire
566 1073 648 1140 delle
670 1075 774 1157 parole
796 1073 867 1158 perd
896 1074 951 1140 ohe
973 1092 1059 1140 oome
1089 1073 1195 1139 sorisai
1217 1093 1249 1140 ae
1271 1091 1323 1140 ora
1352 1073 1437 1139 faeie
1460 1073 1511 1138 in-

256 1190 379 1257 tendere
401 1209 420 1255 ι
442 1189 608 1273 Bolognosi
630 1207 662 1254 ae
684 1208 746 1256 non
768 1189 958 1256 mandarano
981 1188 1145 1273 vietuaglie
1167 1189 1198 1256 al
1220 1207 1328 1273 eampo
1351 1189 1408 1256 ohe
1432 1208 1466 1254 se
1483 1191 1513 1254 le

257 1305 397 1372 nsanano
415 1303 473 1370 tali
487 1303 612 1370 termini
634 1355 641 1370 .
665 1353 672 1370 .
696 1357 703 1372 .
727 1301 843 1370 Ginnto
866 1304 921 1370 ohe
943 1302 1057 1370 esraa
1078 1323 1139 1389 qua
1153 1323 1250 1370 mons.
1265 1304 1309 1370 ili.
1327 1324 1385 1370 eon
1407 1303 1514 1370 venuti

219 1419 222 1426 '
256 1441 275 1486 a
298 1439 352 1486 sne
374 1439 418 1486 er.
441 1419 500 1486 dno
515 1419 674 1486 trombetti
690 1438 708 1484 a
723 1438 813 1486 nonre
834 1418 872 1485 de
895 1420 927 1485 la
940 1419 1097 1486 oomnnita
1118 1419 1156 1485 de
1170 1420 1309 1504 Bologna
1332 1419 1372 1486 ad
1389 1419 1511 1503 suppli·

256 1555 324 1603 earo
347 1555 370 1604 s.
393 1555 437 1603 ex.
460 1535 516 1601 ohe
543 1535 647 1620 voglio
675 1534 815 1601 ordinare
844 1534 900 1600 ohe
924 1553 956 1600 se
987 1534 1096 1601 desisti
1118 1534 1158 1600 da
1180 1533 1260 1601 deoti
1290 1534 1441 1610 ineendii;
1470 1534 1513 1598 ha

257 1650 400 1718 mandato
423 1649 647 1734 aresponderle
669 1649 724 1716 ohe
747 1668 779 1715 se
795 1649 947 1715 dimatina
969 1650 1065 1716 molto
1087 1667 1141 1733 per
1156 1651 1258 1734 tempo
1281 1668 1343 1716 non
1358 1651 1388 1716 le
1406 1634 1510 1715 hanno

257 1765 401 1833 mandato
430 1763 594 1849 vietuaglie
621 1765 655 1830 in
684 1766 763 1832 bona
791 1765 878 1849 eopia
906 1784 960 1850 per
987 1766 1007 1830 1’
1015 1766 1145 1832 exercito
1173 1766 1204 1832 ot
1233 1769 1278 1834 40
1301 1765 1379 1831 mila
1408 1765 1514 1830 ducati

257 1882 402 1960 contenti,
424 1881 491 1947 ohel
514 1880 579 1946 fari
594 1881 738 1947 abrusaro
760 1881 792 1947 et
806 1880 937 1965 tagliano
952 1879 1025 1963 ogni
1040 1898 1111 1946 oosa
1126 1881 1174 1946 eni
1189 1881 1360 1965 Bologneae
1382 1879 1423 1946 da
1438 1879 1514 1966 ogni

256 1998 342 2081 parte
364 1995 431 2062 aino
454 1996 514 2062 alle
535 1995 621 2079 porte
643 1996 681 2063 de
703 1997 850 2080 Bologna.
894 1995 965 2062 lassi
987 1996 1147 2062 trombetti
1168 1996 1269 2063 hanno
1293 2015 1453 2081 promesso
1475 1996 1514 2062 do

256 2112 303 2178 far
324 2112 542 2178 l'ambaeoiata
564 2112 595 2178 et
617 2111 654 2177 de
670 2109 794 2178 rendere
816 2111 950 2196 deposta
972 2110 1144 2178 domattina
1167 2129 1225 2177 aa.
1242 2111 1379 2197 signoria
1394 2111 1442 2180 ili
1457 2165 1465 2179 .
1481 2163 1513 2180 ..

256 2225 318 2294 Noi
333 2226 475 2294 andiamo
498 2245 516 2292 a
532 2224 635 2292 Caetel
650 2225 713 2293 San
728 2227 831 2293 Pietro
854 2245 871 2293 ι
889 2245 951 2294 non
965 2244 985 2291 a
1000 2223 1103 2292 Castel
1117 2227 1288 2312 Bolognese
1303 2245 1389 2294 aomo
1405 2227 1514 2293 aerissi

256 2361 309 2427 per
331 2360 430 2408 errore
451 2393 460 2411 .
483 2393 490 2408 .
514 2392 522 2410 .
545 2340 606 2408 Nol
627 2341 780 2408 oammino
803 2342 831 2408 ei
860 2341 981 2408 sorbere
1002 2341 1135 2409 l’ordine
1164 2345 1361 2410 conveniente
1384 2342 1513 2410 tacendo

255 2459 319 2526 fare
339 2460 359 2525 1’
368 2457 562 2542 antiguardie
583 2458 614 2524 ot
643 2458 851 2542 retroguardia
873 2477 927 2542 per
957 2457 1082 2524 temersi
1104 2457 1129 2523 li
1150 2457 1270 2524 inimioi
1292 2457 1416 2525 dinanzi
1438 2478 1457 2524 ι
1479 2459 1512 2524 di

255 2575 361 2656 diotre,
383 2575 415 2640 et
436 2574 466 2640 le
488 2572 631 2658 bagaglie
649 2574 680 2639 et
702 2573 775 2638 altri
797 2572 1008 2658 impedimenti
1024 2573 1180 2639 andranno
1202 2575 1251 2638 tra
1273 2573 1512 2659 larangnardr‘a

254 2693 286 2758 et
308 2689 467 2776 battaglia
512 2686 626 2768 Questo
648 2689 752 2755 ordine
774 2690 879 2755 eontra
901 2689 975 2774 ogni
995 2688 1103 2755 dovera
1124 2707 1185 2755 non
1208 2686 1224 2753 d
1247 2691 1329 2756 stato
1351 2691 1511 2755 asservato

255 2807 295 2872 da
317 2805 370 2890 qui
392 2823 410 2870 a
432 2805 529 2871 dietro
551 2804 589 2870 de
612 2805 748 2870 maniera
769 2805 825 2871 ohe
848 2823 880 2870 se
902 2803 1009 2870 nimioi
1036 2802 1151 2870 fossero
1174 2803 1250 2870 stati
1278 2804 1411 2872 animosi
1435 2806 1510 2889 ogni

255 2921 289 2988 di
310 2925 338 2986 ei
359 2919 521 2987 haveriano
542 2919 621 2986 fatto
642 2919 742 2986 denno
764 2922 795 2986 ot
818 2938 978 3006 vergogna.
1016 2919 1058 2986 Et
1077 2918 1173 3003 hoggi
1196 2937 1270 2985 aono
1292 2919 1385 2985 useiti
1407 2919 1511 3004 grossi

255 3057 307 3104 ma
328 3039 429 3104 hanno
451 3036 528 3101 fatte
551 3087 558 3102 .
582 3087 589 3100 .
612 3085 619 3100 .
643 3033 676 3100 in
698 3035 858 3120 bagaggie.
903 3035 1015 3102 Veneri
1044 3034 1157 3102 ander-d
1186 3034 1225 3101 ad
1247 3035 1347 3102 Imola
1376 3037 1409 3100 et
1432 3035 1509 3101 forsi

255 3155 286 3220 la
308 3152 438 3238 piglierd
460 3151 531 3235 perd
554 3151 609 3216 ohe
627 3169 687 3217 non
709 3151 741 3216 la
755 3151 859 3217 voluto
873 3150 1003 3234 pigliare
1025 3149 1131 3216 dentro
1147 3150 1196 3217 Fr.
1218 3201 1226 3216 .
1249 3203 1257 3218 .
1281 3203 1288 3216 .
1312 3151 1344 3216 et
1365 3150 1391 3216 ii
1409 3147 1507 3216 Guio-

255 3268 383 3336 oiardini
412 3269 443 3334 et
465 3265 565 3333 Gnido
587 3266 694 3350 Vayno
724 3267 779 3332 ohe
802 3266 833 3333 ri
856 3285 912 3334 son
942 3265 1017 3332 stati
1039 3265 1098 3331 duo
1121 3265 1154 3331 di
1177 3265 1311 3333 aternani
1334 3285 1367 3332 so
1390 3285 1429 3332 ne
1453 3285 1511 3332 son

255 3383 361 3470 partiti
382 3401 436 3468 per
456 3381 580 3448 Firenze
602 3399 658 3447 eon
680 3381 710 3449 le
731 3382 820 3466 genti
842 3381 897 3447 ohe
919 3381 1074 3448 havevano
1097 3400 1155 3448 oon
1177 3382 1250 3462 loro,
1277 3381 1362 3466 quati
1385 3401 1418 3448 ee
1442 3381 1509 3448 dine

254 3519 353 3567 essere
374 3499 413 3565 da
434 3502 457 3567 4
479 3498 555 3564 mita
582 3515 717 3580 persone.
762 3493 801 3563 Se
824 3495 889 3562 dioo
917 3496 973 3562 ohe
994 3495 1138 3562 Franoeei
1166 3515 1239 3564 sono
1270 3495 1308 3562 iti
1330 3497 1395 3562 nlla
1424 3498 1508 3564 volta

254 3617 292 3682 de
313 3617 458 3682 Ravenna
480 3614 511 3679 et
532 3612 569 3680 de
583 3611 667 3678 Forli
689 3663 696 3678 .
719 3666 726 3680 .
750 3666 757 3680 .
781 3611 863 3696 Hogi
875 3612 904 3678 le
919 3613 1098 3697 oompagnie
1112 3611 1162 3678 del
1177 3609 1350 3679 Oenonollo
1365 3612 1508 3678 Fabfioio

256 3750 329 3798 sono
344 3731 456 3796 intrate
477 3728 511 3794 in
525 3727 639 3794 Budrio
662 3745 723 3793 non
745 3746 798 3811 per
812 3727 893 3793 forna
915 3745 968 3793 ma
982 3745 1039 3794 eon
1060 3727 1157 3793 molta
1172 3727 1311 3794 breveria
1325 3747 1342 3793 ι
1357 3727 1390 3792 ri
1406 3727 1509 3794 hanno

255 3847 372 3914 trovato
395 3845 501 3912 dentro
523 3862 598 3928 pooa
619 3843 701 3909 roba

386 4051 409 4116 4
431 4047 571 4132 d'dprile
593 4046 626 4112 in
648 4047 678 4113 lo
700 4046 829 4114 exercito
851 4065 970 4113 eeeareo
996 4044 1029 4113 in
1052 4043 1154 4121 Castel
1176 4043 1239 4113 San
1261 4045 1372 4115 Pietro.

345 4189 688 4280 (Venutounoavallaro
704 4189 771 4256 reed
786 4188 1244 4276 lettere)„qnalisuee1.lease;
1259 4189 1311 4273 poi
1326 4208 1375 4255 mo
1384 4189 1509 4257 ehiamo
1625 4169 1626 4196 ¹

255 4329 272 4374 e
294 4309 441 4372 mediare
463 4309 516 4371 ode
537 4306 571 4370 in
585 4324 653 4372 esso
674 4305 754 4390 plioo
776 4323 827 4370 era
849 4324 910 4371 una
932 4303 981 4370 del
1004 4305 1125 4390 signore
1145 4303 1242 4370 vieerd
1264 4303 1337 4370 data
1358 4304 1393 4370 in
1408 4307 1510 4372 Roma

255 4423 286 4485 lo
301 4421 400 4504 primo
422 4418 471 4485 del
485 4430 624 4502 presente
638 4419 717 4484 oolla
732 4420 823 4503 omo
838 4419 935 4486 sorive
954 4439 972 4484 a
988 4439 1043 4486 sua
1057 4439 1101 4486 en
1117 4419 1227 4486 havere
1249 4420 1348 4486 inteeo
1369 4421 1429 4488 ohe
1448 4441 1511 4488 non
