3132 4910
760 267 1006 340 ..304-

254 463 383 554 duisqm
403 463 555 536 bellorum
570 468 756 537 tumultibus
771 488 840 537 eam
854 468 972 555 passim
986 467 1131 536 infestam
1146 465 1266 537 babere
1299 463 1363 552 Quo
1377 465 1482 538 oonnlio

254 586 369 653 bellum
391 603 411 651 a
432 585 521 652 nobis
542 585 575 652 in
591 583 727 652 Galliam
749 587 935 652 translatum
950 585 1044 652 luerit
1065 604 1126 653 non
1147 586 1271 672 ignorat
1285 605 1309 654 s.
1324 608 1352 654 s.
1365 589 1396 654 el
1407 605 1482 671 qnam

252 701 345 768 iustis
367 701 405 768 de
426 701 527 768 causis
549 701 635 782 moti,
657 719 832 787 quanquam
847 702 942 768 etiam
964 722 991 768 s.
1012 721 1036 768 s.
1059 702 1195 780 monitis,
1210 721 1265 787 pro
1286 701 1483 785 maundapaoe

253 837 309 884 nos
331 817 532 902 obsequentes
554 817 701 884 hactenus
730 818 967 902 praebuerimus.
1014 814 1116 896 Quum
1138 836 1210 884 uero
1238 817 1284 884 ita
1306 817 1438 884 accident
1455 819 1484 879 ut

254 933 383 1000 dimissa
405 932 562 999 Massiliae
591 932 749 1000 obsidione
770 934 918 1000 exereitus
941 935 1045 1000 noster
1075 953 1107 1000 se
1129 935 1211 1000 ultra
1232 934 1330 1018 Alpes
1351 932 1484 1017 meeperit

254 1046 363 1115 Gallus
386 1050 489 1115 antem
505 1067 582 1115 nova
605 1047 736 1135 quadam
752 1049 847 1116 veluti
869 1051 901 1116 et
915 1047 1033 1134 insigni
1047 1049 1174 1116 victoria
1193 1051 1343 1128 umens,
1365 1046 1485 1135 (ameni

252 1165 287 1231 in
307 1166 469 1249 conspectu
499 1183 651 1250 nusquam
680 1166 778 1231 nostri
800 1165 949 1232 exercitus
978 1163 1084 1251 fuerit)
1115 1164 1154 1230 ad
1183 1165 1309 1231 Italiam
1338 1163 1484 1231 vexandam

253 1280 351 1348 denuo
373 1299 532 1364 properare
547 1279 674 1360 naun,
697 1300 871 1366 quanquam
887 1299 948 1348 uon
970 1281 1146 1347 dubitemus
1169 1299 1193 1347 s.
1210 1300 1238 1347 u.
1254 1281 1402 1348 factunm
1421 1277 1486 1344 nillil

253 1415 272 1463 a
286 1397 426 1482 pristinis
442 1397 507 1462 suis
522 1395 667 1475 consiliis,
691 1413 805 1481 suaque
820 1397 930 1462 natura
945 1395 1096 1463 alienum:
1119 1396 1256 1483 quinimo
1272 1397 1364 1462 solita
1377 1397 1486 1480 patema

252 1511 401 1578 charitate
430 1530 622 1578 communem
649 1529 715 1578 rem
737 1513 769 1579 et
791 1511 975 1596 dignitatem
997 1512 1166 1597 Italiaeque
1193 1512 1369 1580 libertatem
1390 1527 1486 1594 nosque

252 1627 335 1712 ipsos
351 1629 567 1714 amplexuram,
588 1627 732 1694 nolumus
754 1628 859 1694 tamen
873 1627 1024 1708 omittere,
1047 1627 1121 1712 quin
1136 1626 1247 1694 adhoc
1265 1629 1367 1712 ipsum
1388 1623 1486 1693 nostis

253 1746 321 1810 tum
343 1743 456 1810 littaris
478 1745 546 1809 tum
568 1744 696 1811 materis
718 1744 772 1827 qui
794 1743 909 1811 ibidem
932 1763 980 1811 ros
1002 1745 1124 1810 nostras
1146 1744 1319 1829 procurant,
1340 1762 1406 1810 ss
1426 1742 1486 1806 bor·

251 1862 387 1926 taromur
409 1860 660 1943 vehementerque
687 1877 873 1944 rogaremus,
903 1859 1014 1944 quibus
1037 1859 1130 1925 fidem
1152 1859 1297 1926 adhibere
1319 1857 1487 1944 dignabitur.

252 1973 340 2042 Certe
362 1975 442 2042 nihil
461 1993 480 2040 a
501 1975 591 2042 nobis
606 1975 866 2058 praetennittatur
886 1975 967 2060 quod
982 1975 1045 2041 ullo
1060 1974 1150 2042 modo
1173 1975 1210 2041 de
1232 1976 1322 2042 nobis
1343 1993 1397 2060 pro
1416 1991 1487 2040 oom-

252 2091 339 2156 muni
361 2091 393 2158 et
407 2109 440 2156 re
454 2091 486 2156 et
508 2090 711 2174 amplitudine
733 2090 884 2175 expectari
906 2091 1013 2175 possit.
1050 2091 1220 2175 Valeatque
1236 2110 1263 2157 s.
1280 2111 1304 2158 s.
1324 2109 1415 2176 quam
1428 2089 1487 2154 leli·

253 2207 384 2272 cissima.
416 2207 532 2270 Datum
554 2207 588 2271 in
602 2205 711 2289 oppido
734 2209 838 2272 nostm
853 2205 1048 2285 'lordesillas
1071 2206 1120 2272 die
1135 2207 1246 2272 ultimo
1261 2205 1401 2273 Octobris
1422 2222 1488 2270 nuno

253 2321 379 2389 Domini
400 2319 531 2388 mdnis.
568 2322 745 2406 Regnorum
767 2323 941 2389 nostrorum
955 2321 1088 2389 Romani
1109 2323 1193 2388 serto
1216 2324 1248 2389 et
1265 2322 1401 2388 omnium
1422 2319 1488 2384 allo·

252 2458 322 2504 rum
344 2455 431 2504 nono.

341 2551 466 2620 Carolus
494 2550 599 2620 divium
627 2553 748 2620 lavante
776 2551 939 2620 clementia
966 2554 1081 2620 electus
1103 2553 1313 2620 Romanorum
1340 2551 1491 2636 imperatur

254 2687 374 2753 semper
395 2670 554 2753 Augustus
577 2687 612 2734 ae
634 2666 825 2750 Germaniae,
848 2667 1077 2753 Hispaniarum,
1099 2669 1258 2754 utriusque
1281 2667 1404 2735 Siciliae
1425 2665 1489 2732 Hie

253 2785 387 2852 rusalem
408 2786 464 2852 etc.
488 2803 548 2852 rer.

842 3047 916 3114 230.

578 3209 662 3270 Dux
685 3211 886 3272 sabaudiae
908 3209 1080 3271 Clementi
1102 3212 1176 3270 vn,

701 3319 788 3405 (Litt.
803 3320 896 3404 princ.
915 3321 955 3386 ll.
971 3319 1060 3405 330).

745 3435 788 3520 (3.
804 3433 880 3501 Nos.
899 3433 1008 3520 1524).

341 3600 424 3665 Dum
447 3618 470 3664 r.
494 3594 737 3679 archiepiscopus
759 3593 920 3679 Capuanus
948 3594 1008 3660 huc
1030 3594 1196 3662 nouissime
1225 3595 1379 3661 transiens
1408 3589 1491 3659 miehi

252 3717 339 3801 plene
361 3714 543 3798 explicasset
564 3733 591 3778 v.
608 3731 631 3777 s.
647 3711 769 3778 nomine
792 3729 845 3776 sue
860 3711 1023 3795 legationis
1046 3729 1179 3792 causam,
1201 3713 1288 3796 pater
1310 3711 1389 3777 beat.
1403 3727 1490 3794 quan·

251 3834 378 3916 tumque
400 3850 424 3896 e.
448 3849 471 3896 s.
494 3830 618 3912 patemm
640 3825 743 3910 cupiat
771 3825 943 3910 principum
973 3825 1188 3896 dissidentium
1217 3827 1337 3894 animos
1366 3825 1407 3892 ad
1427 3842 1490 3891 oon·

250 3946 416 4013 eiliandam
438 3961 543 4029 paoem
570 3942 697 4022 afficere,
726 3941 845 4010 decrevi
868 3941 977 4022 subito,
1005 3943 1111 4026 utpote
1132 3943 1186 4028 qui
1206 3942 1287 4008 inter
1316 3943 1430 4008 wieres
1449 3938 1492 4004 bb

250 4063 401 4129 bellorum
423 4059 652 4127 calamitatibus
681 4058 815 4143 agitatm
838 4058 904 4123 nm
927 4058 1108 4124 conveniens
1136 4058 1170 4125 in
1192 4058 1283 4124 terris
1306 4061 1338 4125 et
1359 4073 1490 4125 amessa·

250 4178 331 4244 rium
345 4176 510 4261 reipublice
524 4173 704 4242 beneficium
719 4174 820 4259 magis
835 4174 973 4258 expetere
994 4174 1097 4255 debeo,
1120 4173 1222 4240 studia
1237 4192 1355 4259 qnoque
1376 4191 1444 4239 mea
1460 4167 1492 4234 rd

250 4311 315 4359 rem
338 4293 438 4376 ipsam
455 4291 492 4377 (e.
509 4311 534 4357 s.
549 4288 636 4375 duce)
653 4307 776 4374 prorsus
799 4289 925 4358 exibere.
957 4291 995 4356 In
1010 4289 1110 4357 medio
1133 4290 1224 4372 enim,
1246 4289 1293 4356 ita
1315 4291 1492 4374 ‹licipotest

251 4407 400 4473 bellorum
421 4405 539 4488 positus
569 4405 631 4470 nisi
652 4405 754 4471 series
776 4405 873 4471 animi
901 4405 1059 4490 passiones
1082 4425 1152 4472 eum
1179 4406 1349 4491 patrimum
1370 4407 1404 4472 et
1425 4403 1490 4470 sub·
