3128 4908
545 342 788 414 -227-

65 537 288 624 misedoordiam,
311 543 397 610 ouius
413 561 468 610 nos
483 542 653 610 imitatores
676 547 707 610 ct
728 545 951 630 dispensatores
966 561 1033 616 asse
1055 543 1207 612 debemus.
1247 543 1291 613 dc

66 657 161 725 lutto
182 653 303 744 quidem
318 656 405 725 tuam
428 657 516 725 valde
538 660 572 725 in
586 659 718 726 Domino
741 657 998 740 commendamus,
1021 661 1100 745 quod
1123 680 1155 726 rc
1169 657 1292 745 cognita

66 771 220 842 hdicararit
249 793 303 842 suo
326 775 392 860 regi
421 775 605 859 gravitatem
628 775 767 842 criminis
796 777 962 854 commissi,
991 795 1119 862 eumque
1141 775 1180 843 ad
1203 775 1291 862 peni-

66 889 173 956 tentiam
195 891 268 956 iacti
291 893 322 956 et
345 888 382 956 ad
412 893 533 957 soniam
557 909 575 956 a
596 891 662 957 Deo
690 891 850 958 humiliter
877 891 1096 976 exposcendam
1118 889 1293 968 adduxerit3

66 1005 166 1072 iunctus
187 1005 267 1072 enim
291 1025 324 1072 as
348 1003 447 1072 cilicio
470 1005 515 1090 pii
536 1005 755 1091 prudentisque
777 1009 917 1091 pmelati,
939 1011 1051 1091 tuaque
1073 1007 1148 1072 haec
1171 1023 1242 1076 cura
1257 1025 1292 1072 ac

64 1121 203 1206 diligentia
224 1121 257 1188 in
280 1123 435 1206 postorum
466 1124 500 1188 ut
524 1141 680 1206 speramus
710 1123 866 1206 profutura
896 1127 944 1189 est
971 1127 1005 1188 ut
1034 1139 1130 1209 nequo
1160 1121 1292 1207 amplius

64 1239 156 1302 tecam
176 1237 207 1303 ln
229 1239 290 1303 tale
314 1239 449 1304 erratum
471 1236 595 1317 incidat,
617 1241 649 1304 et
671 1237 750 1324 apud
780 1241 904 1304 cunctos
928 1237 969 1304 sit
991 1237 1128 1323 dignitas
1151 1237 1291 1304 sacerdo-

63 1351 121 1418 tatis
142 1353 344 1420 mnerahilior.
392 1355 508 1419 Damus
530 1355 627 1440 igitur
649 1355 681 1419 in
697 1353 742 1420 ais
764 1353 886 1434 littaris,
909 1371 985 1439 quas
1000 1355 1040 1420 ad
1061 1355 1165 1439 ipsum
1179 1349 1291 1421 Caesa-

65 1485 115 1534 rom
127 1469 326 1550 rescribimus,
340 1469 504 1556 eins(dam)
515 1470 692 1536 absolvendi
701 1472 732 1535 ot
741 1469 947 1536 communioni
961 1467 1098 1538 fidelium
1113 1461 1295 1538 restituendi
1342 1554 1346 1564 Ι

64 1583 228 1652 ιιιιιτιίιιιιι
249 1589 321 1652 tuac
343 1585 535 1670 potestatam.
581 1585 694 1652 Verum
726 1603 795 1652 cum
817 1588 849 1652 ct
871 1585 907 1653 do
938 1588 1037 1653 saluto
1065 1588 1187 1654 animae
1213 1587 1294 1654 tanti

65 1699 113 1784 (ao)
134 1702 194 1766 tam
216 1699 360 1769 catholici
381 1701 527 1788 principis
551 1705 582 1768 et
604 1701 641 1767 da
662 1703 752 1768 laude
774 1703 869 1768 ctiam
892 1703 989 1787 ipsius
1012 1721 1047 1768 ac
1069 1703 1145 1769 iusti
1166 1705 1197 1770 et
1219 1703 1295 1770 recti

63 1815 182 1899 opinione
203 1817 284 1902 apud
307 1835 412 1884 omnes
426 1819 566 1884 homines
589 1821 707 1904 agatur,
730 1818 855 1885 maioris
877 1820 913 1884 ιιι
927 1817 1051 1904 quidem
1074 1819 1223 1886 sentimus
1238 1820 1292 1885 de·

62 1931 116 1997 lieti
127 1933 157 1999 in
170 1933 285 2000 eisdem
301 1934 412 2001 littaris
426 1933 516 2000 illurn
532 1935 698 2019 arguimus,
714 1936 911 2021 cupimusque
933 1953 1004 2003 eum
1018 1935 1179 2021 poenitere,
1202 1936 1290 2022 quod

63 2048 117 2132 ipso
137 2052 182 2117 rol
211 2052 331 2118 sinente
359 2051 408 2117 val
437 2051 568 2130 iubente,
593 2049 721 2118 Sanctae
752 2049 1046 2138 sedisapostolicae
1075 2053 1240 2120 auctoritas
1263 2053 1295 2118 et

64 2165 248 2232 salmantica
269 2167 397 2233 libertas
419 2167 452 2232 in
473 2168 543 2233 istis
559 2167 709 2234 Castaliae
732 2171 763 2234 at
783 2167 926 2252 Legionis
942 2170 1045 2253 regnis
1060 2167 1124 2235 iam
1137 2167 1199 2236 fere
1222 2187 1293 2254 pos·

64 2281 186 2348 enudata
208 2285 271 2360 ost3
301 2301 397 2368 neque
419 2284 476 2348 hoc
499 2283 607 2364 solum,
640 2301 825 2368 quamquam
847 2282 921 2369 quid
944 2285 1001 2350 hoo
1023 2304 1082 2352 uno
1104 2287 1206 2370 potest
1228 2303 1295 2350 esse

64 2398 167 2464 natus?
190 2399 243 2464 sed
265 2399 360 2466 etiam
382 2399 462 2484 quod
484 2400 528 2465 eis
542 2399 643 2466 modis
665 2401 696 2464 et
718 2399 795 2465 actis
818 2400 949 2466 violatur
970 2403 1001 2466 et
1017 2401 1200 2467 contumelia
1223 2399 1293 2466 alli·

62 2512 127 2578 citur
147 2518 179 2581 ut
201 2515 282 2582 nihil
297 2513 449 2581 crudelius
465 2535 561 2600 noque
576 2515 758 2582 insolentius
779 2515 879 2598 possit
893 2516 1030 2601 cogitari.
1067 2517 1181 2582 llarum
1199 2515 1295 2602 igitur

62 2627 215 2697 litterarum
245 2633 415 2716 exemplum
439 2631 478 2696 ad
507 2631 625 2698 irat.tem
655 2632 741 2700 tuam
770 2631 918 2697 iussimus
948 2632 1134 2712 transmitti,
1163 2634 1200 2699 nt
1226 2632 1295 2716 ipsa

64 2764 171 2830 quoque,
193 2767 285 2814 causa
307 2750 339 2814 et
353 2767 385 2813 ro
399 2750 565 2844 perspectp,
587 2747 744 2832 intelligat
758 2766 819 2813 non
841 2745 1006 2814 levioribus
1028 2766 1224 2814 censurarum
1243 2767 1295 2814 or·

64 2863 331 2930 communicationis
354 2865 385 2928 et
407 2863 613 2934 anathematis
635 2863 753 2948 iuncis
771 2883 807 2929 er
829 2862 980 2929 eiusmodi
992 2864 1083 2929 rebus
1104 2863 1297 2948 implicatum

64 2994 120 3042 esso
138 2977 304 3058 Caesarem,
334 2997 427 3063 quam
449 2998 485 3044 er
507 2979 563 3045 hoo
593 2981 711 3044 recente
733 2978 844 3044 delicto
867 2978 918 3058 sit,
947 2997 1006 3063 quo
1034 2998 1089 3062 per
1104 2978 1297 3064 mandatum

64 3091 145 3174 ipsius
166 3093 299 3179 episcopi
328 3111 457 3179 persona
487 3087 595 3160 mortis
619 3093 767 3179 supplicio
797 3097 845 3160 est
867 3093 982 3160 adacta.
1027 3095 1065 3160 In
1087 3113 1147 3179 qna
1175 3093 1298 3179 quidem

64 3227 90 3272 re
109 3209 190 3277 hatli
208 3211 280 3277 tuae
302 3209 336 3276 in
358 3209 472 3276 virtuto
496 3205 770 3278 saecuculorum
792 3210 983 3294 iniungimus
1007 3211 1037 3277 et
1060 3211 1125 3277 sius
1140 3211 1297 3277 conscion-

64 3321 128 3390 tiam
147 3345 316 3405 oneramus,
338 3327 374 3391 ut
389 3327 462 3411 agat
483 3327 586 3410 partas
602 3341 673 3392 suas
688 3325 760 3392 honi
775 3326 872 3410 patris
896 3325 1065 3410 spiritualis
1081 3327 1112 3391 et
1126 3323 1300 3391 ddallssimi

66 3440 204 3508 sectatoris
227 3441 309 3526 apud
332 3439 500 3508 Caesarem.
547 3439 614 3507 Scis
635 3441 701 3526 ipse
724 3441 857 3525 proiecto
879 3442 951 3526 quid
975 3439 1102 3508 consilia
1125 3441 1251 3526 antiqua
1269 3443 1300 3506 et

65 3553 220 3636 orthodoxa,
244 3556 318 3641 qnid
341 3557 505 3623 auctoritas
528 3559 702 3624 sanctorum
719 3555 856 3635 Patmm,
878 3555 951 3641 quid
967 3557 1174 3623 Romanorum
1196 3555 1298 3642 ponti·

65 3667 142 3737 ficum
163 3673 395 3739 constitutiones
427 3673 565 3738 statuant
595 3675 685 3757 atqua
708 3672 885 3750 decomant;
909 3673 1033 3757 quantis
1057 3673 1099 3738 sit
1126 3672 1300 3749 honoribus,

66 3787 128 3866 quot
146 3789 340 3868 ornamentis,
363 3789 473 3873 quihus
496 3787 672 3855 eminentiis
695 3788 770 3854 hacc
795 3787 906 3855 Sancta
931 3785 1022 3854 Sedes
1046 3789 1077 3854 et
1098 3789 1226 3854 libertas
1249 3805 1299 3852 oo·

66 3898 220 3970 clesiastica
250 3903 454 3982 communita,
484 3923 576 3989 qnam
606 3903 659 3989 qui
688 3905 868 3989 impugnare
900 3905 931 3970 et
960 3903 1125 3989 infringere
1154 3905 1301 3970 conantur

66 4017 191 4085 onuihta
214 4021 287 4086 sunt
309 4019 381 4086 tolia
398 4019 608 4106 spiritualibus
631 4023 661 4087 et
677 4021 908 4086 anathematum
931 4017 1044 4104 gladiis
1060 4019 1189 4104 appetiti
1211 4021 1301 4104 atque

67 4131 168 4200 annu
212 4133 300 4216 Quod
322 4136 417 4202 otiam
440 4135 571 4222 singulis
603 4137 692 4204 anuis
714 4137 749 4202 in
770 4136 855 4202 bulla
877 4135 910 4201 in
926 4135 974 4202 dia
998 4134 1112 4202 Coeum
1134 4132 1261 4201 Domini
1284 4153 1302 4199 a

68 4245 199 4316 Romanis
214 4251 408 4336 pontificibus
427 4253 489 4340 legi
512 4255 654 4320 consueta
669 4255 837 4319 ronovatur.
883 4253 920 4319 In
942 4252 1017 4318 haec
1032 4253 1134 4318 autern
1150 4251 1233 4316 mala
1250 4251 1301 4316 in-

67 4365 137 4430 rodit
157 4369 286 4452 profecto
310 4369 428 4450 Caesar,
459 4369 570 4437 nonde
586 4369 746 4449 industria,
776 4387 872 4454 neque
895 4369 1014 4445 volens;
1036 4369 1093 4435 hoc
1117 4367 1200 4434 euim
1221 4369 1302 4432 certo

68 4485 184 4562 acimum
206 4487 258 4554 aad
280 4487 382 4574 pravis
397 4477 568 4572 adquorum
585 4485 777 4553 suasionibus
800 4483 958 4569 deceptum
982 4483 1067 4549 cuius
1090 4484 1120 4549 ta
1143 4482 1182 4550 ab
1205 4483 1303 4550 oculis

475 4577 483 4594 “
1083 4589 1141 4659 ro*
