3152 4902
764 293 1005 360 ..160-

260 487 394 568 voluisti,
415 487 449 554 in
470 506 530 573 qua
551 489 621 573 post
634 487 777 554 Rhodum
791 489 913 573 captam
936 487 1039 554 sedam
1054 488 1086 554 et
1108 485 1274 553 stationem
1288 485 1414 553 militiae
1434 503 1493 552 suae

260 603 449 683 edocerem,
471 621 548 688 qnae
561 605 635 670 tunc
649 605 688 670 ab
703 604 767 670 illis
782 607 902 689 recepta
916 621 978 670 non
991 603 1060 680 luit
1082 620 1144 669 nom
1158 601 1237 687 quin
1248 601 1340 668 luerit
1352 601 1415 667 illia
1427 600 1493 666 libe-

262 719 369 784 ralitas
391 719 445 784 tua
472 721 577 805 grata,
607 719 660 785 sed
689 719 761 805 quia
790 721 826 788 ut
846 719 909 804 ipsi
934 719 1023 786 nobis
1052 719 1251 799 rettulerunt,
1281 737 1343 785 non
1369 719 1432 784 erat
1455 715 1495 782 illi

261 835 345 901 locus
367 834 520 902 domicilio
538 837 629 919 aptus
651 854 687 902 er
702 855 761 921 quo
782 834 916 903 multum
938 833 1080 921 prodesse
1094 833 1273 901 christianis
1287 833 1428 919 gentibus
1448 831 1495 897 ad-
1561 869 1562 874 κ

261 969 367 1018 versus
389 951 538 1034 impetum
560 949 727 1016 Turearum
748 952 889 1036 poseent3
915 969 951 1017 eo
973 951 1077 1017 autem
1100 952 1173 1016 sunt
1195 949 1298 1016 animo
1322 949 1350 1014 si
1372 948 1498 1016 idoneam

262 1065 365 1131 sedem
387 1065 470 1132 nacti
491 1065 612 1144 luerint
635 1065 664 1132 si
685 1085 820 1151 unquam
843 1067 921 1132 alias
944 1066 983 1132 ab
1006 1065 1051 1132 eis
1074 1065 1107 1132 in
1125 1065 1369 1150 propugnatione
1391 1065 1499 1130 eamne

262 1179 334 1246 lidei
355 1181 415 1247 suit
442 1181 623 1262 laboratum,
652 1181 780 1266 posthac
808 1183 940 1248 mmrime
968 1183 1121 1258 laborare;
1150 1179 1342 1265 iudicareque
1371 1178 1499 1246 ommibm

261 1296 406 1363 virtatem
435 1296 496 1363 sibi
530 1315 686 1382 nunqnam
714 1315 873 1383 prosperos
908 1299 1012 1364 autem
1046 1295 1145 1364 exitus
1174 1295 1338 1380 aliquando
1374 1294 1500 1370 definisse

262 1431 337 1497 quos
359 1413 463 1480 umen
484 1413 669 1480 correcturos
691 1432 725 1480 ee
746 1411 898 1480 industria
920 1415 952 1480 et
972 1412 1136 1499 &huda
1157 1411 1328 1490 confidunt;
1351 1411 1500 1497 qoibmet

261 1545 316 1612 par
336 1547 392 1594 nos
406 1529 439 1595 et
452 1544 505 1614 per
527 1529 558 1595 te
579 1530 611 1596 et
625 1547 679 1612 per
700 1546 753 1595 eos
775 1549 881 1596 omnes
904 1529 957 1614 qui
972 1527 1088 1594 Christi
1111 1527 1244 1613 gloriam
1258 1527 1385 1594 charam
1399 1527 1500 1592 tabent

262 1643 311 1710 est
331 1643 559 1724 consulendum,
586 1664 641 1729 per
662 1646 694 1711 te
716 1646 820 1711 autem
841 1645 1000 1729 praecipue
1029 1644 1115 1711 cuiue
1138 1645 1170 1711 et
1191 1645 1328 1728 potestas
1357 1641 1500 1727 ampliet
1562 1639 1563 1720 l

262 1758 403 1826 volnnms
424 1760 477 1846 pia
498 1760 589 1846 atque
605 1761 709 1826 emota
725 1779 844 1846 semper
866 1759 976 1827 extitit
1014 1760 1197 1828 Venientem
1211 1779 1284 1846 ergo
1299 1759 1417 1826 dictum
1433 1755 1499 1824 Pli-

261 1874 381 1960 lippum
402 1874 442 1941 ad
457 1881 562 1943 aer.lem
576 1876 663 1943 mam
686 1877 721 1943 ut
741 1877 876 1943 humane
897 1895 934 1943 ac
946 1877 1116 1944 liberaliter
1130 1876 1262 1961 excipias
1284 1877 1316 1942 te
1330 1891 1500 1960 magnopere

262 1991 295 2057 iu
317 1991 449 2057 Domino
470 1990 682 2073 adhortamur,
711 2010 748 2058 ac
775 1991 945 2076 postulanti
966 2010 985 2059 a
1006 1995 1039 2058 te
1060 2011 1096 2060 aa
1124 1991 1238 2060 auxilia
1266 1994 1359 2077 atquo
1387 1989 1500 2057 condia

263 2106 374 2192 quibus
395 2107 426 2174 et
447 2105 514 2174 eina
536 2106 672 2192 dignitas
695 2109 726 2174 et
747 2107 816 2192 ipsa
837 2108 945 2193 religio
968 2109 1114 2175 constitui
1142 2108 1241 2194 possit
1262 2108 1404 2174 animum
1422 2123 1499 2172 men·

262 2225 384 2306 umque
405 2222 588 2290 accomodes.
634 2219 722 2303 Quod
742 2223 854 2290 efficiet
877 2229 972 2290 seraa·
994 2225 1048 2290 tua
1070 2226 1246 2291 nouaclum
1269 2223 1330 2290 eibi
1351 2223 1383 2290 et
1397 2219 1501 2288 nomini

263 2355 318 2404 auo
340 2338 372 2404 at
392 2337 518 2422 reliquis
539 2337 603 2404 tuis
617 2339 763 2423 preclaris
786 2338 957 2406 actionibus
972 2341 1218 2420 consentancum,
1241 2337 1296 2406 esd
1317 2341 1349 2406 et
1363 2339 1499 2406 Decem

263 2453 414 2538 nipotenti
428 2472 463 2520 ac
478 2453 566 2520 nobis
581 2453 734 2539 imprimis
755 2457 887 2540 gratum
933 2455 1049 2525 Datum
1064 2457 1179 2524 Romae
1194 2457 1250 2522 etc
1273 2454 1323 2522 die
1342 2454 1411 2521 xxii
1425 2449 1501 2519 lunii

263 2568 381 2635 mdxxu.
426 2571 515 2635 Auno
537 2570 674 2637 secundo.

825 2686 949 2773 (Foris).

635 2800 758 2868 Caesari
778 2819 834 2887 pro
856 2803 1006 2887 mag'astro
1028 2801 1139 2872 Rhodi

351 3029 506 3098 Cardiuali
515 3031 665 3098 Borbonio
681 3069 726 3080 -
740 3051 832 3118 super
840 3031 1041 3100 dissolutione
1055 3033 1245 3100 matrimonii
1259 3031 1398 3101 aCarclo
1413 3031 1500 3115 Ques·

264 3147 325 3215 mei
346 3147 492 3214 attentati
512 3165 582 3214 cum
606 3167 706 3215 sorore
729 3148 829 3214 ureris
852 3167 924 3215 enac
946 3148 1121 3216 demortuae
1144 3187 1188 3197 —
1209 3148 1298 3216 lunii
1321 3169 1388 3217 m.
1424 3149 1501 3216 nno

263 3266 298 3330 ut
321 3281 420 3349 supra

351 3377 431 3445 Duci
453 3377 598 3444 Borbonii
612 3414 657 3426 —
671 3377 726 3444 nic
746 3379 881 3463 pontifex
897 3397 929 3446 se
944 3380 1079 3446 locutum
1102 3379 1197 3447 lauisse
1212 3400 1282 3447 cum
1296 3379 1416 3448 Joanne
1429 3379 1501 3446 Ianu-

262 3497 371 3580 guetoc
393 3493 459 3560 eius
480 3493 708 3560 eleemosinario
730 3493 837 3578 illique
859 3513 915 3559 sua
936 3495 1063 3562 consilia
1087 3497 1329 3562 communicasse
1351 3495 1502 3580 adipsum

262 3609 371 3676 ducem
388 3607 576 3694 perferenda
1077 3609 1190 3678 dodam
1212 3611 1261 3679 die
1283 3613 1316 3679 et
1337 3631 1423 3678 anuo.

848 3871 919 3938 117.

746 4035 833 4108 Regu
855 4035 1036 4098 Polonlae.

354 4187 527 4256 (tamesime.
574 4185 657 4270 Quae
679 4189 717 4256 de
739 4189 901 4256 serenitate
916 4191 970 4256 tue
992 4208 1011 4256 a
1033 4190 1154 4257 dilectis
1176 4189 1251 4257 liliis
1265 4192 1427 4260 Imnrentio
1443 4210 1503 4258 car·

263 4307 361 4374 dinali
383 4303 549 4390 Campegio
570 4303 674 4390 legato
696 4307 728 4372 et
748 4304 796 4371 Jo.
812 4306 946 4372 Antonio
961 4307 1120 4374 Prelleone
1143 4307 1255 4374 barone
1269 4307 1380 4394 Burgii
1397 4306 1505 4376 randis

263 4420 379 4488 nostris
400 4418 571 4502 accepimus
594 4425 699 4486 ser.lue
723 4419 862 4486 videlicet
883 4423 970 4488 tuam
994 4441 1049 4488 sua
1071 4421 1165 4490 etiam
1180 4421 1335 4507 legatione
1356 4427 1388 4491 et
1409 4425 1503 4490 amto-
