3152 4902
761 255 1006 322 ..123-

255 447 417 536 suffragari
445 449 534 518 illam
557 451 590 517 in
612 451 744 518 Domino
773 452 862 518 ualde
892 452 1097 518 adhortamur.
1143 449 1259 518 Datum
1283 449 1394 520 Boram
1421 449 1487 536 apul
1561 497 1565 520 .

255 565 402 634 Sanctum
424 567 552 633 Petrum
574 567 623 633 die
645 569 703 633 xxi
726 568 843 652 Aprilis
864 567 983 633 mlxxv.
1029 568 1118 633 Anno
1141 568 1279 634 secrrnio.
1560 636 1566 691 i

346 797 489 884 Sequitur
517 799 646 883 epistola
668 799 894 883 prothonotario
923 795 1025 865 casali
1053 800 1088 863 ut
1111 801 1280 865 revertatur
1304 799 1355 886 (ab
1377 799 1486 884 Anglii)
1561 758 1565 775 Ι

256 915 389 981 salutato
412 935 483 1000 rego
505 919 537 980 et
559 915 638 981 card.
661 915 852 983 lihoraceusi
871 953 912 962 —
930 915 988 980 Die
1010 915 1090 980 xxiii.
1114 914 1230 998 Aprilis
1254 915 1372 981 mdxru.
1417 916 1488 981 Auno
1564 921 1566 976 J

255 1030 393 1096 smrundo.
1569 1029 1570 1034 ’

856 1291 909 1356 95.

302 1454 439 1515 Dilecto
462 1455 534 1515 tillo
557 1457 667 1516 nobili
691 1459 770 1516 viro
793 1454 925 1516 Caroio
948 1455 1089 1514 Gelriae
1112 1459 1146 1514 et
1171 1456 1286 1515 lullae
1309 1456 1396 1516 Duci
1419 1470 1457 1516 ac

690 1571 818 1631 comiti
841 1574 1074 1644 zutphaniae.

346 1724 464 1791 Dilecto
486 1724 532 1789 tili
554 1727 609 1791 etc.
655 1723 737 1790 'Puae
753 1725 877 1790 virtutis
900 1727 931 1790 et
953 1743 1028 1809 erga
1051 1743 1206 1791 summum
1225 1725 1326 1792 Deum
1349 1723 1491 1809 religionis

257 1840 425 1924 preclarum
448 1839 660 1906 testimonium
682 1839 803 1906 litterae
825 1839 914 1906 nohis
936 1842 1008 1906 tuac
1022 1840 1214 1923 prehuemnt.
1251 1841 1289 1906 In
1313 1842 1422 1925 qrrihm
1435 1859 1493 1904 cum

258 1955 294 2022 de
317 1957 375 2021 heo
396 1957 484 2021 tanta
505 1955 681 2021 calamitate
703 1953 885 2022 Germaniae
914 1975 991 2042 quae
1013 1956 1132 2022 artibus
1160 1957 1299 2040 perpetui
1328 1957 1426 2022 hostis
1447 1953 1494 2019 Dei
1569 1965 1570 1968 ’

257 2091 311 2155 per
332 2071 397 2137 eius
412 2071 524 2154 impios
546 2071 705 2137 ministros
719 2071 893 2137 Lutherana
915 2071 1016 2138 heresi
1037 2071 1164 2138 iniectos
1180 2074 1340 2155 procurata
1355 2073 1410 2152 est
1431 2089 1492 2136 rou·

258 2187 399 2272 quereris,
422 2186 616 2272 ostendisque
638 2186 773 2252 dolorem
796 2185 855 2252 tibi
878 2185 984 2252 affirrre
1005 2185 1062 2252 hoc
1085 2186 1213 2252 dedecus
1236 2187 1371 2253 nominis
1394 2185 1494 2251 Christi

257 2304 289 2368 et
310 2301 494 2368 christianae
509 2301 666 2387 religionis
688 2301 841 2368 maculam
856 2303 946 2386 atque
969 2301 1122 2384 ieiunam,
1144 2303 1212 2369 turn
1227 2305 1262 2368 ut
1277 2321 1346 2368 vore
1362 2319 1496 2386 magnum

258 2417 389 2501 atpium
404 2417 573 2502 principem
595 2417 689 2496 decet
711 2417 849 2482 animum
864 2435 936 2501 prae
959 2419 989 2484 te
1005 2417 1066 2485 fers
1088 2417 1167 2483 hanc
1182 2419 1303 2483 tantam
1317 2416 1496 2502 impietatem

257 2533 289 2598 et
312 2533 410 2598 scelus
432 2531 584 2599 netarium
606 2532 789 2612 rindiomii,
818 2532 852 2599 in
874 2549 932 2617 quo
955 2532 1050 2598 etiam
1073 2551 1092 2598 a
1114 2533 1203 2600 nobie
1232 2533 1371 2617 postulas
1393 2535 1427 2600 ut
1446 2530 1497 2597 tihi

257 2647 436 2732 procedendi
458 2647 602 2714 advorsus
625 2648 845 2714 ecclesiasticas
867 2665 1020 2731 personas,
1050 2667 1126 2733 quas
1148 2648 1264 2714 multas
1286 2649 1356 2715 taho
1377 2649 1433 2714 hac
1452 2648 1495 2712 in·

258 2761 399 2848 quinatas
415 2783 481 2830 esse
505 2763 601 2829 sontis
616 2763 795 2829 facultatem
817 2765 849 2829 et
870 2765 1053 2847 potestatem
1069 2763 1231 2831 conmdere
1246 2763 1377 2831 velimus
1408 2761 1497 2844 Quam

259 2897 314 2945 nos
343 2880 479 2945 mentem
501 2880 533 2946 et
554 2877 634 2964 quod
662 2878 904 2964 prestantissimi
932 2879 1078 2964 principis
1109 2879 1261 2961 studium,
1291 2879 1420 2965 dignum
1444 2879 1498 2944 ista

258 2993 419 3060 nobilitate
440 2995 472 3060 et
492 2994 555 3060 ieta
577 2995 689 3061 virtute
718 3014 794 3080 quae
822 2994 910 3060 nohis
941 3015 1060 3079 semper
1081 2995 1115 3062 in
1137 2997 1168 3062 te
1190 2995 1314 3081 egregia
1336 3000 1368 3062 at
1396 3012 1499 3078 magna
1569 2997 1570 3048 l

258 3111 415 3195 perspecta
437 3109 505 3190 fuit,
528 3108 723 3177 vehementer
744 3111 778 3178 in
800 3111 932 3177 Domino
961 3111 1210 3177 commendamus
1233 3111 1377 3197 omnique
1404 3112 1499 3178 nostra
1569 3115 1570 3122 ’

259 3225 464 3294 benivolentia
490 3227 523 3292 et
543 3225 693 3293 charitate
721 3226 959 3311 complectimur,
981 3226 1207 3312 Dominamque
1229 3225 1329 3294 Deum
1360 3225 1501 3312 supplices

258 3359 425 3421 exoramus,
448 3343 483 3407 ut
504 3341 562 3407 tali
583 3343 615 3407 et
636 3343 703 3408 tam
724 3343 872 3409 cathohm
901 3342 1037 3426 principe
1059 3360 1171 3426 suoque
1193 3341 1314 3408 diuinae
1337 3339 1501 3409 necans

262 3458 367 3524 honori
388 3457 433 3522 ita
455 3456 557 3523 dedito
581 3457 711 3523 secunda
733 3457 835 3525 omnia
857 3460 889 3524 et
903 3475 1046 3542 prospera
1067 3457 1227 3524 concedere
1242 3457 1394 3543 dignetur.
1422 3453 1502 3538 Quod

260 3592 330 3639 vero
352 3573 392 3638 ad
414 3571 569 3656 negotium
593 3571 695 3656 ipsum
717 3573 836 3651 attinet
859 3573 1010 3638 credimus
1032 3573 1121 3640 nouo
1140 3577 1210 3640 tuae
1233 3593 1300 3640 esse
1314 3577 1429 3652 notum
1448 3589 1504 3655 quo

261 3707 317 3755 nos
341 3687 524 3772 studioque
553 3686 758 3754 solhoiturline
786 3690 817 3754 et
839 3706 911 3753 cura
933 3706 994 3754 non
1025 3688 1138 3754 littoris
1163 3689 1261 3754 solum
1291 3693 1323 3757 et
1345 3685 1503 3762 scribendo,

262 3803 315 3871 sed
337 3803 448 3889 legatis
472 3802 591 3869 nunciis
613 3803 891 3887 commissariisque
915 3803 1028 3868 nostris
1051 3803 1212 3870 mittendis
1234 3804 1366 3872 excitare
1388 3807 1418 3871 et
1438 3801 1504 3868 ani·

262 3939 345 3987 mare
368 3939 473 3986 omnes
495 3918 647 4003 principos
663 3917 826 3985 Germanis
848 3919 949 3985 eonati
971 3920 1128 3999 fixerimus,
1150 3922 1186 3985 ut
1200 3940 1271 3986 cum
1293 3921 1381 3987 rurina
1402 3923 1432 3986 et
1451 3916 1505 3983 de-

262 4037 407 4104 trimento
429 4035 614 4101 christianae
637 4055 724 4102 verae
753 4035 825 4100 tidei
848 4034 965 4100 cladem
988 4054 1105 4120 quoque
1128 4055 1215 4102 suam
1238 4037 1270 4100 et
1291 4037 1411 4104 ruinam
1432 4053 1502 4099 con-

262 4153 399 4219 iunctam
421 4171 459 4218 ne
482 4153 723 4235 aspernarentur,
747 4151 800 4217 sed
822 4151 979 4217 obviarent
994 4152 1096 4235 pravis
1119 4151 1276 4236 principiis
1292 4171 1418 4237 quorum
1434 4150 1509 4216 lines

264 4270 296 4334 et
317 4268 416 4334 exitus
438 4267 478 4333 ad
499 4267 636 4352 ipsorum
665 4267 799 4350 primum
821 4267 985 4351 pumiciom
1015 4269 1118 4333 essent
1140 4267 1291 4352 eruptum
1320 4269 1354 4335 in
1376 4285 1431 4352 qua
1451 4263 1508 4329 ad-

265 4383 431 4450 monitione
461 4387 491 4448 et
521 4382 726 4449 cohortatione
749 4401 767 4446 a
789 4383 887 4448 nostri
914 4382 1110 4466 pontificatus
1139 4383 1228 4449 initio
1256 4401 1352 4468 usqua
1373 4381 1512 4448 adhunc
