3192 4930
598 271 820 338 ..29-

95 464 220 531 nationes
249 463 369 532 ridetur
395 463 577 548 pervenisse.
622 464 729 549 Itaque
758 463 859 530 David
888 463 954 548 ipso
983 465 1074 550 potiit
1096 485 1114 531 a
1137 467 1225 534 nobis
1256 487 1328 536 suae

94 581 215 647 mtionis
237 580 368 661 nomine,
390 579 427 645 ut
452 579 630 647 facultatem
657 580 834 646 huiusmodi
861 580 1082 648 tormentomm
1104 583 1180 666 ipsis
1214 604 1327 670 suppe-

94 695 178 764 ditare
208 697 370 773 vallemus3
400 695 456 761 hoc
485 697 619 762 enimsi
646 695 732 762 fieret
760 695 916 780 pollicitus
944 699 992 763 est
1023 699 1054 763 et
1073 717 1175 765 suam
1204 703 1330 784 gentem

93 832 200 897 semper
222 810 294 878 Sodi
318 811 502 895 apostolicae
524 830 559 878 ac
580 811 699 878 nomini
726 811 893 877 christiano
915 812 953 877 ob
977 813 1033 878 hoc
1062 813 1242 882 beneficium
1274 818 1330 884 ob·

92 930 203 995 noxiam
225 928 297 1008 fore,
319 929 351 994 61
371 927 461 992 facile
482 928 662 994 eventumm
690 927 725 991 ut
748 927 898 1010 superatis
928 927 1071 994 finitimis
1094 931 1219 1010 mauris,
1249 932 1330 1016 quod

93 1044 136 1110 illo
155 1045 237 1110 inter
257 1042 441 1127 loquendum
465 1042 622 1109 videbatur
644 1041 799 1122 confidere,
823 1042 945 1127 aliquod
968 1063 1116 1129 magnum
1139 1048 1332 1114 commodum

92 1161 134 1224 rel
152 1159 293 1246 Aegypto
315 1179 370 1242 per
390 1158 474 1243 ipsos
496 1159 623 1226 hebreos
645 1158 856 1244 oppugnanda,
879 1159 927 1226 rel
942 1159 1049 1226 lbrrcis
1072 1161 1175 1245 aliqua
1197 1166 1333 1248 exparte

91 1273 276 1354 lacessentis,
305 1273 345 1340 ad
372 1275 543 1342 christanos
572 1274 726 1359 pervenire
754 1293 851 1358 posse.
896 1275 1065 1354 Eteonos,
1088 1275 1271 1360 quiremoli
1294 1280 1333 1346 cb

90 1391 147 1456 illis
167 1392 243 1458 locis
265 1392 355 1475 longe
377 1390 532 1470 absumus,
554 1409 650 1474 neque
673 1407 851 1474 cognoscere
866 1390 988 1474 penitus
1010 1391 1180 1458 cuiusmodi
1203 1394 1274 1473 sint,
1297 1413 1333 1460 ex

90 1507 172 1573 hrrins
201 1505 303 1572 David
332 1506 478 1572 relatione
506 1506 675 1589 potuimus,
705 1524 800 1590 neque
831 1505 984 1572 voluimus
1007 1507 1131 1574 omnino
1161 1509 1332 1594 negligam

91 1621 138 1688 sod
163 1621 357 1688 instituimus
387 1641 457 1687 cum
486 1621 617 1706 dirigere
643 1620 683 1687 ad
713 1621 908 1688 serenitatem
937 1623 1038 1702 tuam,
1068 1642 1144 1707 quae
1174 1625 1333 1691 hommum

90 1737 204 1805 assidue
235 1737 474 1804 commeantium
503 1737 542 1802 ad
563 1755 599 1804 66
620 1737 688 1802 loca
709 1737 741 1803 et
762 1755 868 1802 cursus
897 1737 969 1803 illos
998 1738 1257 1823 frequentantium
1279 1759 1331 1808 66-

88 1852 166 1935 piam
187 1853 290 1920 habet
335 1853 380 1919 Ex
402 1853 513 1937 quibus
534 1851 647 1936 poterit
669 1853 781 1920 certius
804 1853 907 1918 omnia
929 1853 1004 1920 haec
1025 1853 1205 1939 intelligere.
1250 1856 1333 1922 lllnd

89 1969 207 2052 quidem
229 1969 333 2036 risum
355 1968 443 2035 nobis
473 1970 522 2034 est
543 1968 660 2034 hortari
689 1968 886 2035 serenitatem
907 1969 1002 2050 tuam,
1031 1970 1166 2054 primum
1195 1973 1230 2036 nt
1252 1972 1333 2038 hunc

87 2083 182 2150 David
210 2085 343 2169 benigne
372 2103 407 2152 ac
435 2084 567 2152 libenter
594 2083 707 2166 audiat
736 2085 958 2169 diligenterque
987 2087 1149 2169 cognoscat
1178 2087 1251 2170 qnid
1279 2088 1332 2154 1116

86 2200 181 2266 affert:
211 2200 379 2267 nonenim
401 2219 457 2267 nec
485 2200 663 2266 hnmanitas
686 2199 719 2266 in
750 2220 821 2284 rege
850 2219 906 2266 nec
935 2199 1096 2284 diligentia
1125 2221 1261 2286 unquam
1283 2205 1332 2270 est

86 2334 143 2381 non
163 2315 332 2382 laudanda:
355 2313 462 2382 deinde
486 2335 555 2382 nero
571 2316 598 2382 si
616 2315 697 2400 quod
718 2315 912 2382 commodum
934 2335 969 2383 en
984 2315 1050 2383 eius
1073 2335 1162 2401 opera
1185 2319 1239 2384 aut
1257 2336 1331 2385 con·

87 2431 152 2497 silio
174 2430 361 2498 christianae
390 2430 491 2514 speret
512 2450 601 2515 possa
624 2431 743 2497 evenire
765 2431 948 2515 reipublicae
972 2429 1056 2519 (cum
1078 2451 1253 2516 quanquam
1274 2434 1331 2500 he-

85 2545 222 2612 breorum
243 2565 320 2631 gens
343 2545 511 2613 christiano
532 2545 651 2612 nomini
673 2546 800 2612 adversa
823 2545 865 2612 sit
880 2547 997 2612 statuat
1019 2548 1123 2614 tamen
1147 2567 1234 2633 saepe
1249 2549 1333 2614 Deus

84 2679 152 2726 oum
174 2661 311 2727 inimicis
335 2680 368 2727 se
390 2659 544 2728 vindicare
566 2660 603 2728 de
626 2659 775 2747 inimicis)
799 2661 874 2728 velit
896 2681 966 2728 eum
986 2680 1042 2747 ope
1064 2681 1119 2728 sna
1141 2663 1284 2730 adiuvme
1299 2683 1334 2730 ac

82 2795 150 2843 cum
172 2796 300 2844 suarum
322 2777 469 2844 classium
491 2777 637 2844 comitatu
661 2777 724 2844 voti
753 2779 925 2862 compotem
948 2777 1117 2845 dimittere:
1144 2797 1214 2846 curn
1242 2799 1332 2864 prae-

82 2893 187 2958 sertim
210 2912 306 2978 neqne
327 2892 382 2959 1116
404 2911 551 2977 magnam
573 2911 638 2959 rem
660 2894 761 2976 potere
784 2892 930 2974 rideatur,
960 2893 1013 2977 qui
1042 2894 1165 2962 tantum
1193 2898 1330 2962 tormen-

79 3009 180 3073 tornm
202 3027 365 3074 numemm
387 3007 521 3092 aliquem
543 3009 574 3074 et
596 3026 707 3092 paucos
722 3008 861 3075 homines
884 3008 938 3093 qui
959 3027 1063 3093 regere
1085 3009 1141 3076 illa
1163 3012 1194 3076 et
1215 3011 1330 3094 guber-

80 3141 149 3188 nare
171 3123 313 3190 noverint
334 3123 478 3206 postulet
500 3126 532 3190 et
553 3124 586 3190 in
601 3142 636 3190 eo
658 3123 757 3208 possit
778 3122 919 3189 fortassis
941 3123 1125 3190 christianae
1148 3125 1332 3208 reipublicae

80 3239 109 3302 et
129 3239 203 3304 tuae
226 3238 400 3305 serenitatis
414 3238 500 3304 laudi
514 3257 549 3304 ac
564 3239 694 3306 utilitati
708 3258 770 3305 non
783 3238 933 3306 mediocre
948 3239 1086 3306 accedere
1101 3239 1331 3308 incrementum.

79 3351 114 3419 ln
136 3354 196 3420 hoc
220 3355 291 3438 aget
321 3355 468 3420 serenitas
491 3356 545 3420 tua
567 3355 647 3439 quod
663 3357 694 3422 61
717 3374 788 3421 snae
811 3354 919 3420 virtuti
940 3355 1099 3422 convenire
1118 3355 1278 3435 videbitur,
1302 3357 1334 3423 et

78 3471 201 3536 nostrae
223 3471 366 3553 paternae
387 3487 461 3554 erga
491 3489 523 3535 se
552 3469 715 3536 voluntati:
745 3469 833 3536 nohis
863 3469 987 3554 quidam
1009 3491 1074 3537 rem
1096 3473 1219 3556 gratam
1240 3471 1333 3538 faciet

78 3583 338 3666 quomadmodum
360 3603 431 3651 oum
452 3585 523 3650 tuae
554 3584 728 3652 serenitatis
751 3585 867 3652 oratore
899 3585 994 3651 locuti
1016 3604 1130 3652 sumus.
1162 3584 1255 3652 Orbius
1278 3587 1333 3652 illa

76 3697 192 3764 littaris
224 3699 316 3766 fidem
345 3699 479 3766 habebit
524 3699 641 3766 Datum
669 3701 784 3766 Romae
807 3698 856 3766 die
885 3699 948 3765 xvii
971 3697 1159 3785 Septembris
1188 3701 1335 3768 mdxxiiii

77 3815 166 3880 Anno
175 3814 287 3898 primo.
312 3811 502 3901 (Supersedit
517 3814 567 3881 hic
575 3815 676 3881 David
691 3834 787 3899 usque
802 3813 935 3881 adhunc
949 3815 1040 3896 diem,
1055 3816 1126 3901 quia
1142 3815 1334 3902 aegrotavit).

685 4102 737 4169 22.

162 4275 332 4345 Universis
353 4276 384 4342 61
405 4275 537 4362 singolis
552 4277 607 4345 616.
647 4277 766 4362 Exponi
786 4277 875 4349 nobis
898 4297 994 4362 nuper
1015 4277 1088 4344 fecit
1102 4277 1231 4345 dilectus
1247 4280 1330 4347 lilius

74 4393 189 4461 nobilis
221 4391 270 4458 nir
291 4391 461 4460 hudonem
491 4392 528 4460 de
551 4389 690 4460 Corduba
719 4391 779 4460 dux
809 4391 938 4461 Suessae
967 4393 1120 4461 carissimi
1148 4394 1183 4462 in
1213 4393 1334 4462 Christo
