3128 4908
566 317 812 393 ..205-

74 511 167 582 bondo
187 531 322 600 paceque
342 516 374 582 et
395 514 538 583 libertate
559 515 669 582 ltaliae
683 511 896 583 constituenda
917 514 950 580 et
971 510 1206 580 deliberatione
1227 511 1310 597 regis

74 628 310 698 christianissimi
337 631 475 698 honestis
498 651 569 698 cum
590 631 814 699 conditionibus
838 649 908 696 cum
940 647 976 697 so
998 647 1052 714 per
1073 629 1195 696 litteras
1217 646 1311 694 manu

74 747 162 812 nostru
185 747 316 831 scriptas
338 747 467 832 egimus.
512 745 596 828 Quas
618 748 675 814 boc
697 747 792 813 otiam
815 745 996 812 confidimus
1014 745 1146 812 Domino
1169 745 1235 811 Deo
1257 744 1312 829 qui

75 863 173 928 nostris
195 863 321 947 optimis
345 864 377 930 et
398 863 513 930 sanctis
536 863 774 948 cogitationibus
804 860 963 928 defuturus
985 879 1047 926 non
1069 861 1117 927 est
1139 860 1311 939 adorante,

75 978 193 1045 multum
214 970 364 1045 momenti
385 979 466 1063 apud
488 978 649 1046 Gaesarem
671 976 877 1064 habituras31)
902 975 1043 1043 norimus
1065 976 1171 1043 circem
1193 993 1312 1062 quoque

75 1093 147 1158 tuam
163 1095 208 1160 ‘et
236 1093 333 1160 istum
362 1095 569 1162 clanssimum
599 1096 630 1162 et
658 1092 959 1179 praestantissimum
987 1111 1091 1178 regem
1120 1110 1175 1177 pro
1205 1091 1311 1160 eadem

75 1209 143 1292 rep's
158 1209 410 1277 christianissimi
423 1211 603 1277 liberatione
618 1212 649 1277 et
664 1211 748 1276 statu
762 1208 872 1275 Italiac
887 1207 1113 1293 tranquillendo
1129 1207 1210 1292 apud
1225 1227 1313 1275 eum-

75 1321 134 1389 dem
154 1323 314 1392 Oaoearem
342 1327 488 1394 laborare.
534 1325 666 1393 Gratum
687 1327 736 1393 est
764 1325 853 1392 nobis
875 1325 907 1392 et
934 1323 1089 1409 imprimis
1118 1321 1314 1390 accomodum

75 1439 174 1508 habero
195 1441 301 1508 cireom
316 1443 404 1508 tuam
426 1442 539 1508 sociam
562 1444 594 1508 et
608 1441 788 1509 adiutricem
810 1441 996 1525 optimorum
1010 1439 1208 1506 consiliorum
1229 1439 1316 1506 cuiue

76 1558 102 1621 et
119 1558 280 1624 auctoritas
302 1561 334 1626 et
361 1557 522 1643 prudentia
544 1560 592 1626 est
615 1557 789 1644 singularis.
833 1558 874 1624 Et
896 1557 975 1624 certe
999 1556 1034 1634 st
1057 1555 1090 1622 id
1112 1555 1193 1642 quod
1213 1555 1315 1641 magis

76 1673 246 1756 operandum
268 1676 325 1755 est,
348 1693 478 1760 aequum
498 1676 530 1741 et
544 1673 667 1742 facilem
682 1694 714 1742 se
729 1673 840 1740 Caesar
861 1673 1042 1758 praebuerit
1058 1691 1214 1739 summum
1229 1671 1312 1739 cbri-

77 1787 182 1858 ctianae
209 1790 394 1875 reipublicae
421 1791 535 1857 bonum
557 1791 616 1858 erit
636 1809 696 1875 pax
723 1791 846 1874 parata;
868 1788 918 1855 sin
939 1787 1043 1855 minus
1071 1788 1112 1855 ed
1133 1807 1169 1855 ea
1198 1807 1316 1874 quoque

77 1905 178 1971 sunus
198 1906 434 1992 contugIendum
448 1906 537 1974 nobis
560 1906 619 1972 erit
639 1925 694 1992 per
707 1925 785 1991 quae
807 1905 937 1972 servitus
952 1904 1061 1972 Italiae
1083 1906 1115 1972 et
1136 1903 1315 1972 christiani·
1428 1917 1431 1926 ·

77 2017 129 2085 nti
147 2039 206 2087 non
226 2022 430 2106 permittatur.
476 2020 563 2089 Sicut
583 2022 678 2088 latius
693 2041 763 2088 cum
785 2020 892 2088 eodem
914 2019 967 2088 dil
990 2020 1033 2087 ol
1047 2019 1213 2088 Melcbiore
1235 2039 1317 2088 nnn·

79 2135 136 2202 dus
156 2137 257 2204 noster
279 2139 383 2206 nostm
398 2137 521 2206 nomine
543 2138 624 2224 eget
647 2137 697 2204 cui
710 2137 768 2204 ille
787 2136 882 2205 iidem
896 2136 1030 2204 babebit
1070 2136 1188 2203 Datum
1202 2137 1319 2204 Romae

79 2249 122 2319 die
141 2253 231 2320 rririi
253 2253 433 2322 Decembris
455 2253 575 2322 mdxrv.
621 2253 824 2330 Pontificatus
846 2252 945 2320 nostri
966 2270 1046 2320 anno
1067 2251 1168 2320 tertio.

662 2513 735 2582 158.

84 2674 213 2740 Dilecta
241 2679 324 2740 tiliis
353 2678 542 2740 Nobilibus
570 2681 658 2741 viris
686 2679 878 2741 Francisuo
909 2679 956 2740 de
977 2678 1163 2742 Borbonlo
1192 2678 1321 2741 Comiti

85 2791 229 2872 apauli,
252 2792 404 2856 modio
426 2795 473 2855 de
487 2795 720 2870 Letharingla
741 2794 824 2856 duci
846 2794 894 2856 de
912 2795 1024 2858 Gulea
1045 2809 1089 2857 uu
1103 2795 1252 2872 Alopelo
1274 2795 1322 2857 de

359 2909 592 2984 lnthanngca
613 2909 697 2972 duct
718 2910 766 2971 de
786 2910 1037 2972 Valdemonte.

159 3063 271 3131 Dileoti
293 3062 361 3130 tilii
406 3061 508 3146 Quum
529 3065 621 3150 grata
648 3063 846 3132 habuerimus
868 3083 905 3132 ea
927 3083 1004 3150 quae
1025 3063 1064 3133 de
1085 3067 1187 3134 vesto
1208 3067 1243 3133 in
1265 3084 1321 3134 nos

88 3177 284 3266 studiosique
306 3179 429 3265 egregia
452 3180 609 3248 voluntate
638 3179 691 3247 dil
713 3179 797 3246 filius
820 3181 925 3247 Irivius
948 3180 1070 3248 Orottm
1092 3182 1211 3268 copiose
1232 3181 1322 3249 nobis

88 3295 215 3378 exposuit
243 3295 422 3362 nobilitatos
444 3297 563 3362 teubas
593 3315 628 3362 er
657 3296 725 3380 ipso
754 3298 943 3382 cognoscent.
990 3295 1088 3378 Quem
1115 3297 1227 3365 idcireo
1256 3297 1322 3366 dies

88 3386 245 3495 complures
261 3411 449 3478 detinuimus
479 3410 559 3496 quod
580 3411 614 3478 in
635 3412 686 3478 his
709 3411 944 3480 difficultatibus
967 3415 1138 3497 temporum
1162 3414 1215 3481 diu
1237 3415 1320 3481 mul·

87 3524 195 3612 tumque
215 3526 411 3594 deliberando
440 3527 536 3594 nichil
557 3530 662 3594 bmen
691 3529 926 3613 explicabomus.
971 3527 1129 3614 Siquidem
1149 3530 1239 3597 nobis
1261 3549 1322 3598 non

167 3785 183 3842 Ι)
201 3787 279 3837 Prima
286 3789 379 3836 minuta
391 3789 504 3848 epistolae
522 3789 555 3836 uio
572 3789 766 3849 prosequebatur:
786 3791 922 3851 ‚ipsiusque
934 3790 1051 3839 catholica
1062 3793 1140 3840 mente
1158 3795 1246 3840 nostris
1264 3793 1317 3842 bor·

88 3884 165 3932 tatibus
181 3887 205 3933 et
221 3887 390 3934 monitionibus
407 3886 496 3944 adiuta
515 3886 602 3944 aliquid
621 3885 676 3934 boui
695 3887 803 3935 ellectum
820 3887 849 3935 lrl
868 3888 985 3936 credimus
1002 3889 1114 3949 perquod
1132 3889 1230 3938 miserae
1248 3895 1319 3949 acque

88 3979 318 4032 carminibusue
336 3984 382 4032 toti
404 3984 504 4043 danique
525 3983 696 4033 christianitati
719 3986 862 4035 ocnamatur.
899 3985 962 4044 Quae
985 3988 1099 4034 voluimus
1116 3987 1317 4049 circumspectioni

89 4077 135 4124 tuae
149 4081 201 4128 notu
218 4093 276 4138 me,
294 4083 323 4129 ut
339 4082 391 4141 ipsa
409 4083 434 4130 et
450 4084 556 4130 actorum
573 4086 707 4132 nostrorum
725 4085 875 4140 aoanoacarat
891 4085 1013 4144 rationem,
1033 4088 1058 4134 et
1075 4085 1135 4143 quon
1154 4099 1245 4146 semper
1262 4089 1318 4135 aute

91 4171 128 4222 hac
143 4177 194 4226 teuit
210 4181 276 4228 uobis
294 4191 338 4227 aua
359 4179 485 4239 prudentia
502 4181 529 4229 et
545 4182 686 4230 auctoritate
704 4195 750 4241 quc
773 4183 871 4242 utroque
894 4183 1045 4240 singulariter
1068 4185 1106 4231 est
1124 4185 1230 4243 praedito
1253 4185 1318 4234 adiu·

91 4281 158 4320 uentu
173 4289 220 4325 essu
237 4278 319 4332 uallet:
338 4279 359 4325 ai
377 4279 446 4336 eninr,
465 4279 526 4336 qued
544 4280 619 4336 maris
631 4293 759 4340 speramus,
778 4293 803 4329 ae
821 4293 920 4339 aequum
931 4283 957 4330 at
968 4281 1058 4330 facilem
1076 4282 1211 4343 praebuerit
1228 4281 1321 4342 Caesar,

90 4379 189 4421 muru
209 4373 351 4424 obrisum
373 4377 513 4437 reipublicae
535 4378 619 4425 honum
642 4379 689 4426 erit
705 4391 751 4438 pax
772 4381 865 4439 parata.
908 4377 950 4426 Sin
976 4381 1053 4427 minua
1070 4379 1100 4427 ad
1117 4393 1146 4428 aa
1164 4381 1251 4428 auxilia
1268 4393 1321 4428 ceu·

91 4463 207 4522 illinitum
227 4473 294 4521 nebia
316 4486 409 4532 quoque
427 4475 473 4523 erit
498 4486 540 4535 per
558 4487 617 4532 quae
635 4476 737 4524 seruitus
764 4476 844 4525 iudae
862 4477 888 4524 et
910 4475 1079 4524 christianitati
1098 4475 1236 4537 depellatur.
1272 4477 1318 4530 Sed
