<?xml version="1.0" encoding="UTF-8"?>
<!DOCTYPE html PUBLIC "-//W3C//DTD XHTML 1.0 Transitional//EN"
    "http://www.w3.org/TR/xhtml1/DTD/xhtml1-transitional.dtd">
<html xmlns="http://www.w3.org/1999/xhtml" xml:lang="en" lang="en">
 <head>
  <title>
</title>
<meta http-equiv="Content-Type" content="text/html;charset=utf-8" />
  <meta name='ocr-system' content='tesseract 3.04.00' />
  <meta name='ocr-capabilities' content='ocr_page ocr_carea ocr_par ocr_line ocrx_word'/>
</head>
<body>
  <div class='ocr_page' id='page_1' title='image "./monumentasaecul00sadogoog_0125.png"; bbox 0 0 3152 4902; ppageno 0'>
   <div class='ocr_carea' id='block_1_1' title="bbox 774 281 1018 348">
    <p class='ocr_par' dir='ltr' id='par_1_1' title="bbox 774 281 1018 348">
     <span class='ocr_line' id='line_1_1' title="bbox 774 281 1018 348; baseline 0 -20"><span class='ocrx_word' id='word_1_1' title='bbox 774 281 1018 348; x_wconf 72' lang='lat'><strong>..106..¹</strong></span> 
     </span>
    </p>
   </div>
   <div class='ocr_carea' id='block_1_2' title="bbox 268 472 1573 1354">
    <p class='ocr_par' dir='ltr' id='par_1_2' title="bbox 268 472 1573 1354">
     <span class='ocr_line' id='line_1_2' title="bbox 271 472 1502 562; baseline 0.002 -24"><span class='ocrx_word' id='word_1_2' title='bbox 271 472 365 539; x_wconf 85' lang='lat' dir='ltr'><strong>vitam</strong></span> <span class='ocrx_word' id='word_1_3' title='bbox 389 475 420 540; x_wconf 91' lang='lat' dir='ltr'><strong>et</strong></span> <span class='ocrx_word' id='word_1_4' title='bbox 452 475 584 540; x_wconf 86' lang='lat' dir='ltr'><strong>salutem</strong></span> <span class='ocrx_word' id='word_1_5' title='bbox 616 494 719 542; x_wconf 89' lang='lat' dir='ltr'><strong>eorum</strong></span> <span class='ocrx_word' id='word_1_6' title='bbox 743 475 854 542; x_wconf 76' lang='lat' dir='ltr'>attinet</span> <span class='ocrx_word' id='word_1_7' title='bbox 883 475 1023 560; x_wconf 86' lang='lat' dir='ltr'><strong>oupimua</strong></span> <span class='ocrx_word' id='word_1_8' title='bbox 1051 475 1225 542; x_wconf 86' lang='lat' dir='ltr'><strong>oonsultum</strong></span> <span class='ocrx_word' id='word_1_9' title='bbox 1248 473 1355 562; x_wconf 84' lang='lat' dir='ltr'><strong>eoae1)</strong></span> <span class='ocrx_word' id='word_1_10' title='bbox 1401 474 1461 542; x_wconf 83' lang='lat' dir='ltr'><strong>Noa</strong></span> <span class='ocrx_word' id='word_1_11' title='bbox 1479 477 1502 542; x_wconf 91' lang='lat' dir='ltr'><strong>et</strong></span> 
     </span>
     <span class='ocr_line' id='line_1_3' title="bbox 269 590 1501 674; baseline 0 -19"><span class='ocrx_word' id='word_1_12' title='bbox 269 609 340 656; x_wconf 90' lang='lat' dir='ltr'><strong>oum</strong></span> <span class='ocrx_word' id='word_1_13' title='bbox 368 590 485 674; x_wconf 85' lang='lat' dir='ltr'><strong>prefato</strong></span> <span class='ocrx_word' id='word_1_14' title='bbox 514 590 589 657; x_wconf 87' lang='lat' dir='ltr'><strong>duee</strong></span> <span class='ocrx_word' id='word_1_15' title='bbox 617 611 652 656; x_wconf 89' lang='lat' dir='ltr'><strong>ao</strong></span> <span class='ocrx_word' id='word_1_16' title='bbox 674 591 726 658; x_wconf 92' lang='lat' dir='ltr'><strong>dil.</strong></span> <span class='ocrx_word' id='word_1_17' title='bbox 750 592 780 658; x_wconf 69' lang='lat' dir='ltr'><strong>ii„</strong></span> <span class='ocrx_word' id='word_1_18' title='bbox 802 591 850 658; x_wconf 85' lang='lat' dir='ltr'><strong>Jo.</strong></span> <span class='ocrx_word' id='word_1_19' title='bbox 873 591 1088 659; x_wconf 90' lang='lat' dir='ltr'><strong>Bartholomeo</strong></span> <span class='ocrx_word' id='word_1_20' title='bbox 1117 591 1155 658; x_wconf 88' lang='lat' dir='ltr'><strong>de</strong></span> <span class='ocrx_word' id='word_1_21' title='bbox 1178 590 1352 658; x_wconf 82' lang='lat' dir='ltr'><strong>Gettimria</strong></span> <span class='ocrx_word' id='word_1_22' title='bbox 1374 591 1501 658; x_wconf 77' lang='lat' dir='ltr'><strong>caesareis</strong></span> 
     </span>
     <span class='ocr_line' id='line_1_4' title="bbox 269 706 1501 793; baseline 0.001 -21"><span class='ocrx_word' id='word_1_23' title='bbox 269 707 438 772; x_wconf 86' lang='lat' dir='ltr'><strong>oratoribus</strong></span> <span class='ocrx_word' id='word_1_24' title='bbox 470 706 603 792; x_wconf 82' lang='lat' dir='ltr'><strong>quotidie</strong></span> <span class='ocrx_word' id='word_1_25' title='bbox 632 707 759 773; x_wconf 81' lang='lat' dir='ltr'><strong>oonsilio</strong></span> <span class='ocrx_word' id='word_1_26' title='bbox 787 708 970 774; x_wconf 88' lang='lat' dir='ltr'><strong>eonferimus</strong></span> <span class='ocrx_word' id='word_1_27' title='bbox 998 727 1052 792; x_wconf 89' lang='lat' dir='ltr'><strong>per</strong></span> <span class='ocrx_word' id='word_1_28' title='bbox 1074 727 1151 793; x_wconf 89' lang='lat' dir='ltr'><strong>quae</strong></span> <span class='ocrx_word' id='word_1_29' title='bbox 1179 709 1285 775; x_wconf 82' lang='lat' dir='ltr'><strong>nostra</strong></span> <span class='ocrx_word' id='word_1_30' title='bbox 1306 727 1384 793; x_wconf 86' lang='lat' dir='ltr'><strong>quae</strong></span> <span class='ocrx_word' id='word_1_31' title='bbox 1405 709 1501 792; x_wconf 86' lang='lat' dir='ltr'><strong>optim</strong></span> 
     </span>
     <span class='ocr_line' id='line_1_5' title="bbox 271 821 1502 909; baseline 0 -22"><span class='ocrx_word' id='word_1_32' title='bbox 271 842 390 906; x_wconf 88' lang='lat' dir='ltr'><strong>semper</strong></span> <span class='ocrx_word' id='word_1_33' title='bbox 412 822 472 888; x_wconf 86' lang='lat' dir='ltr'><strong>fuit</strong></span> <span class='ocrx_word' id='word_1_34' title='bbox 486 822 519 888; x_wconf 92' lang='lat' dir='ltr'><strong>in</strong></span> <span class='ocrx_word' id='word_1_35' title='bbox 534 821 694 889; x_wconf 81' lang='lat' dir='ltr'><strong>Caesarem</strong></span> <span class='ocrx_word' id='word_1_36' title='bbox 716 824 858 890; x_wconf 86' lang='lat' dir='ltr'><strong>voluntas</strong></span> <span class='ocrx_word' id='word_1_37' title='bbox 880 823 970 891; x_wconf 87' lang='lat' dir='ltr'><strong>iaeile</strong></span> <span class='ocrx_word' id='word_1_38' title='bbox 984 825 1125 909; x_wconf 73' lang='lat' dir='ltr'>cognosci</span> <span class='ocrx_word' id='word_1_39' title='bbox 1145 825 1252 909; x_wconf 75' lang='lat' dir='ltr'><strong>possit</strong></span> <span class='ocrx_word' id='word_1_40' title='bbox 1274 826 1306 890; x_wconf 90' lang='lat' dir='ltr'><strong>et</strong></span> <span class='ocrx_word' id='word_1_41' title='bbox 1327 825 1366 890; x_wconf 91' lang='lat' dir='ltr'><strong>de</strong></span> <span class='ocrx_word' id='word_1_42' title='bbox 1380 824 1502 890; x_wconf 76' lang='lat' dir='ltr'><strong>omnbus</strong></span> 
     </span>
     <span class='ocr_line' id='line_1_6' title="bbox 269 938 1501 1024; baseline 0 -22"><span class='ocrx_word' id='word_1_43' title='bbox 269 938 320 1002; x_wconf 86' lang='lat' dir='ltr'><strong>hie</strong></span> <span class='ocrx_word' id='word_1_44' title='bbox 334 939 425 1002; x_wconf 84' lang='lat' dir='ltr'><strong>rebus</strong></span> <span class='ocrx_word' id='word_1_45' title='bbox 448 957 523 1021; x_wconf 86' lang='lat' dir='ltr'><strong>quas</strong></span> <span class='ocrx_word' id='word_1_46' title='bbox 546 939 634 1004; x_wconf 85' lang='lat' dir='ltr'><strong>nobie</strong></span> <span class='ocrx_word' id='word_1_47' title='bbox 650 939 867 1024; x_wconf 80' lang='lat' dir='ltr'><strong>significandas</strong></span> <span class='ocrx_word' id='word_1_48' title='bbox 890 940 1005 1006; x_wconf 76' lang='lat' dir='ltr'><strong>curasti</strong></span> <span class='ocrx_word' id='word_1_49' title='bbox 1027 939 1200 1024; x_wconf 80' lang='lat' dir='ltr'><strong>supradicto</strong></span> <span class='ocrx_word' id='word_1_50' title='bbox 1215 941 1404 1006; x_wconf 87' lang='lat' dir='ltr'><strong>Bernardino</strong></span> <span class='ocrx_word' id='word_1_51' title='bbox 1425 941 1501 1005; x_wconf 85' lang='lat' dir='ltr'><strong>eleeto</strong></span> 
     </span>
     <span class='ocr_line' id='line_1_7' title="bbox 270 1051 1500 1139; baseline 0.001 -22"><span class='ocrx_word' id='word_1_52' title='bbox 270 1051 427 1118; x_wconf 75' lang='lat' dir='ltr'><strong>casalensi</strong></span> <span class='ocrx_word' id='word_1_53' title='bbox 442 1053 587 1120; x_wconf 88' lang='lat' dir='ltr'><strong>mandata</strong></span> <span class='ocrx_word' id='word_1_54' title='bbox 610 1055 648 1120; x_wconf 88' lang='lat' dir='ltr'><strong>ad</strong></span> <span class='ocrx_word' id='word_1_55' title='bbox 663 1057 695 1122; x_wconf 84' lang='lat' dir='ltr'><strong>te</strong></span> <span class='ocrx_word' id='word_1_56' title='bbox 709 1055 848 1120; x_wconf 87' lang='lat' dir='ltr'><strong>dedimus</strong></span> <span class='ocrx_word' id='word_1_57' title='bbox 870 1056 964 1121; x_wconf 90' lang='lat' dir='ltr'><strong>latius</strong></span> <span class='ocrx_word' id='word_1_58' title='bbox 987 1057 1087 1122; x_wconf 86' lang='lat' dir='ltr'><strong>teeum</strong></span> <span class='ocrx_word' id='word_1_59' title='bbox 1103 1056 1364 1135; x_wconf 69' lang='lat' dir='ltr'><strong>annumeranda,</strong></span> <span class='ocrx_word' id='word_1_60' title='bbox 1385 1055 1432 1122; x_wconf 90' lang='lat' dir='ltr'><strong>oui</strong></span> <span class='ocrx_word' id='word_1_61' title='bbox 1445 1073 1500 1139; x_wconf 86' lang='lat' dir='ltr'><strong>pro-</strong></span> 
     </span>
     <span class='ocr_line' id='line_1_8' title="bbox 268 1168 1569 1273; baseline 0.001 -39"><span class='ocrx_word' id='word_1_62' title='bbox 268 1168 388 1252; x_wconf 81' lang='lat' dir='ltr'><strong>pediem</strong></span> <span class='ocrx_word' id='word_1_63' title='bbox 410 1169 494 1236; x_wconf 86' lang='lat' dir='ltr'><strong>adte</strong></span> <span class='ocrx_word' id='word_1_64' title='bbox 511 1172 635 1236; x_wconf 83' lang='lat' dir='ltr'><strong>venturo</strong></span> <span class='ocrx_word' id='word_1_65' title='bbox 658 1171 750 1237; x_wconf 90' lang='lat' dir='ltr'><strong>fidem</strong></span> <span class='ocrx_word' id='word_1_66' title='bbox 765 1191 887 1238; x_wconf 90' lang='lat' dir='ltr'><strong>ornnem</strong></span> <span class='ocrx_word' id='word_1_67' title='bbox 909 1172 1021 1240; x_wconf 88' lang='lat' dir='ltr'><strong>babere</strong></span> <span class='ocrx_word' id='word_1_68' title='bbox 1035 1173 1157 1257; x_wconf 86' lang='lat' dir='ltr'><strong>poteris.</strong></span> <span class='ocrx_word' id='word_1_69' title='bbox 1202 1172 1317 1239; x_wconf 88' lang='lat' dir='ltr'><strong>Datum</strong></span> <span class='ocrx_word' id='word_1_70' title='bbox 1333 1173 1444 1239; x_wconf 88' lang='lat' dir='ltr'><strong>Romae</strong></span> <span class='ocrx_word' id='word_1_71' title='bbox 1458 1175 1500 1236; x_wconf 83' lang='lat' dir='ltr'><strong>ete.</strong></span> <span class='ocrx_word' id='word_1_72' title='bbox 1563 1182 1569 1273; x_wconf 64' lang='lat' dir='ltr'>j</span> 
     </span>
     <span class='ocr_line' id='line_1_9' title="bbox 268 1269 1573 1354; baseline 0.008 -5"><span class='ocrx_word' id='word_1_73' title='bbox 268 1284 318 1349; x_wconf 72' lang='lat' dir='ltr'><strong>ua</strong></span> <span class='ocrx_word' id='word_1_74' title='bbox 341 1284 391 1350; x_wconf 78' lang='lat' dir='ltr'><strong>vir.</strong></span> <span class='ocrx_word' id='word_1_75' title='bbox 414 1283 520 1352; x_wconf 74' lang='lat' dir='ltr'><strong>oraru</strong></span> <span class='ocrx_word' id='word_1_76' title='bbox 542 1286 659 1352; x_wconf 78' lang='lat' dir='ltr'><strong>mom.</strong></span> <span class='ocrx_word' id='word_1_77' title='bbox 703 1287 793 1354; x_wconf 74' lang='lat' dir='ltr'><strong>runo</strong></span> <span class='ocrx_word' id='word_1_78' title='bbox 816 1288 954 1354; x_wconf 53' lang='lat' dir='ltr'><strong>aanor.</strong></span> <span class='ocrx_word' id='word_1_79' title='bbox 1572 1269 1573 1274; x_wconf 67' lang='lat'>&#39;</span> 
     </span>
    </p>
   </div>
   <div class='ocr_carea' id='block_1_3' title="bbox 588 1429 1198 1748">
    <p class='ocr_par' dir='ltr' id='par_1_3' title="bbox 588 1429 1198 1748">
     <span class='ocr_line' id='line_1_10' title="bbox 833 1429 957 1517; baseline 0 -21"><span class='ocrx_word' id='word_1_80' title='bbox 833 1429 957 1517; x_wconf 80' lang='lat' dir='ltr'><strong>(Foris).</strong></span> 
     </span>
     <span class='ocr_line' id='line_1_11' title="bbox 588 1545 1198 1614; baseline 0.007 -4"><span class='ocrx_word' id='word_1_81' title='bbox 588 1545 678 1611; x_wconf 86' lang='lat' dir='ltr'><strong>Anno</strong></span> <span class='ocrx_word' id='word_1_82' title='bbox 701 1547 832 1612; x_wconf 87' lang='lat' dir='ltr'><strong>seeundo</strong></span> <span class='ocrx_word' id='word_1_83' title='bbox 853 1547 972 1612; x_wconf 82' lang='lat' dir='ltr'><strong>mdrxu.</strong></span> <span class='ocrx_word' id='word_1_84' title='bbox 1019 1547 1124 1613; x_wconf 87' lang='lat' dir='ltr'><strong>Martii</strong></span> <span class='ocrx_word' id='word_1_85' title='bbox 1146 1547 1198 1614; x_wconf 88' lang='lat' dir='ltr'><strong>vii.</strong></span> 
     </span>
     <span class='ocr_line' id='line_1_12' title="bbox 823 1662 973 1748; baseline -0.02 -18"><span class='ocrx_word' id='word_1_86' title='bbox 823 1662 973 1748; x_wconf 82' lang='lat' dir='ltr'><strong>Viceregl.</strong></span> 
     </span>
    </p>
   </div>
   <div class='ocr_carea' id='block_1_4' title="bbox 868 1988 919 2056">
    <p class='ocr_par' dir='ltr' id='par_1_4' title="bbox 868 1988 919 2056">
     <span class='ocr_line' id='line_1_13' title="bbox 868 1988 919 2056; baseline 0 -1"><span class='ocrx_word' id='word_1_87' title='bbox 868 1988 919 2056; x_wconf 80' lang='lat' dir='ltr'><strong>io.</strong></span> 
     </span>
    </p>
   </div>
   <div class='ocr_carea' id='block_1_5' title="bbox 797 2153 992 2216">
    <p class='ocr_par' dir='ltr' id='par_1_5' title="bbox 797 2153 992 2216">
     <span class='ocr_line' id='line_1_14' title="bbox 797 2153 992 2216; baseline 0 -2"><span class='ocrx_word' id='word_1_88' title='bbox 797 2153 992 2216; x_wconf 79' lang='lat' dir='ltr'><strong>Caesari.</strong></span> 
     </span>
    </p>
   </div>
   <div class='ocr_carea' id='block_1_6' title="bbox 356 2304 1501 2393">
    <p class='ocr_par' dir='ltr' id='par_1_6' title="bbox 356 2304 1501 2393">
     <span class='ocr_line' id='line_1_15' title="bbox 356 2304 1501 2393; baseline -0.003 -22"><span class='ocrx_word' id='word_1_89' title='bbox 356 2305 520 2372; x_wconf 79' lang='lat' dir='ltr'><strong>Carissimo</strong></span> <span class='ocrx_word' id='word_1_90' title='bbox 549 2309 606 2373; x_wconf 86' lang='lat' dir='ltr'><strong>ete.</strong></span> <span class='ocrx_word' id='word_1_91' title='bbox 650 2307 719 2374; x_wconf 81' lang='lat' dir='ltr'><strong>litei</strong></span> <span class='ocrx_word' id='word_1_92' title='bbox 748 2309 855 2374; x_wconf 91' lang='lat' dir='ltr'><strong>diebus</strong></span> <span class='ocrx_word' id='word_1_93' title='bbox 886 2309 1091 2393; x_wconf 84' lang='lat' dir='ltr'><strong>superioribus</strong></span> <span class='ocrx_word' id='word_1_94' title='bbox 1119 2328 1189 2374; x_wconf 91' lang='lat' dir='ltr'><strong>eum</strong></span> <span class='ocrx_word' id='word_1_95' title='bbox 1219 2309 1335 2374; x_wconf 89' lang='lat' dir='ltr'><strong>bellurn</strong></span> <span class='ocrx_word' id='word_1_96' title='bbox 1365 2304 1501 2374; x_wconf 84' lang='lat' dir='ltr'><strong>initalia</strong></span> 
     </span>
    </p>
   </div>
   <div class='ocr_carea' id='block_1_7' title="bbox 264 2422 1501 3552">
    <p class='ocr_par' dir='ltr' id='par_1_7' title="bbox 264 2422 1501 3552">
     <span class='ocr_line' id='line_1_16' title="bbox 266 2422 1500 2508; baseline -0.003 -20"><span class='ocrx_word' id='word_1_97' title='bbox 266 2422 397 2488; x_wconf 83' lang='lat' dir='ltr'><strong>maxime</strong></span> <span class='ocrx_word' id='word_1_98' title='bbox 420 2422 538 2489; x_wconf 89' lang='lat' dir='ltr'><strong>arderet</strong></span> <span class='ocrx_word' id='word_1_99' title='bbox 552 2441 616 2501; x_wconf 81' lang='lat' dir='ltr'><strong>nos,</strong></span> <span class='ocrx_word' id='word_1_100' title='bbox 632 2423 812 2491; x_wconf 88' lang='lat' dir='ltr'><strong>miserantes</strong></span> <span class='ocrx_word' id='word_1_101' title='bbox 834 2424 942 2490; x_wconf 89' lang='lat' dir='ltr'><strong>duram</strong></span> <span class='ocrx_word' id='word_1_102' title='bbox 956 2424 1048 2490; x_wconf 84' lang='lat' dir='ltr'><strong>huius</strong></span> <span class='ocrx_word' id='word_1_103' title='bbox 1070 2425 1281 2491; x_wconf 80' lang='lat' dir='ltr'><strong>nobilissimae</strong></span> <span class='ocrx_word' id='word_1_104' title='bbox 1295 2423 1426 2508; x_wconf 80' lang='lat' dir='ltr'><strong>regionis</strong></span> <span class='ocrx_word' id='word_1_105' title='bbox 1439 2439 1500 2485; x_wconf 87' lang='lat' dir='ltr'><strong>oon·</strong></span> 
     </span>
     <span class='ocr_line' id='line_1_17' title="bbox 264 2535 1500 2624; baseline -0.002 -21"><span class='ocrx_word' id='word_1_106' title='bbox 264 2535 411 2604; x_wconf 76' lang='lat' dir='ltr'><strong>ditionem</strong></span> <span class='ocrx_word' id='word_1_107' title='bbox 434 2558 469 2604; x_wconf 90' lang='lat' dir='ltr'><strong>ao</strong></span> <span class='ocrx_word' id='word_1_108' title='bbox 491 2539 579 2622; x_wconf 80' lang='lat' dir='ltr'><strong>gregi</strong></span> <span class='ocrx_word' id='word_1_109' title='bbox 600 2541 704 2604; x_wconf 91' lang='lat' dir='ltr'><strong>nostro</strong></span> <span class='ocrx_word' id='word_1_110' title='bbox 726 2539 836 2605; x_wconf 90' lang='lat' dir='ltr'><strong>dileeto</strong></span> <span class='ocrx_word' id='word_1_111' title='bbox 851 2541 998 2624; x_wconf 85' lang='lat' dir='ltr'><strong>pastorali</strong></span> <span class='ocrx_word' id='word_1_112' title='bbox 1012 2560 1083 2607; x_wconf 88' lang='lat' dir='ltr'><strong>eura</strong></span> <span class='ocrx_word' id='word_1_113' title='bbox 1106 2541 1214 2618; x_wconf 83' lang='lat' dir='ltr'><strong>atlanti,</strong></span> <span class='ocrx_word' id='word_1_114' title='bbox 1237 2539 1299 2604; x_wconf 85' lang='lat' dir='ltr'><strong>alia</strong></span> <span class='ocrx_word' id='word_1_115' title='bbox 1320 2538 1447 2624; x_wconf 86' lang='lat' dir='ltr'><strong>quadam</strong></span> <span class='ocrx_word' id='word_1_116' title='bbox 1461 2535 1500 2598; x_wconf 83' lang='lat' dir='ltr'><strong>via</strong></span> 
     </span>
     <span class='ocr_line' id='line_1_18' title="bbox 265 2652 1499 2740; baseline -0.004 -21"><span class='ocrx_word' id='word_1_117' title='bbox 265 2652 305 2719; x_wconf 91' lang='lat' dir='ltr'><strong>ad</strong></span> <span class='ocrx_word' id='word_1_118' title='bbox 326 2673 517 2720; x_wconf 83' lang='lat' dir='ltr'><strong>communem</strong></span> <span class='ocrx_word' id='word_1_119' title='bbox 540 2673 646 2737; x_wconf 84' lang='lat' dir='ltr'><strong>paoem</strong></span> <span class='ocrx_word' id='word_1_120' title='bbox 668 2655 876 2733; x_wconf 79' lang='lat' dir='ltr'><strong>tendebamus,</strong></span> <span class='ocrx_word' id='word_1_121' title='bbox 900 2657 1088 2740; x_wconf 86' lang='lat' dir='ltr'><strong>sublatisque</strong></span> <span class='ocrx_word' id='word_1_122' title='bbox 1109 2657 1190 2722; x_wconf 88' lang='lat' dir='ltr'><strong>inter</strong></span> <span class='ocrx_word' id='word_1_123' title='bbox 1213 2655 1407 2722; x_wconf 86' lang='lat' dir='ltr'><strong>serenitatem</strong></span> <span class='ocrx_word' id='word_1_124' title='bbox 1428 2657 1499 2717; x_wconf 83' lang='lat' dir='ltr'><strong>trun</strong></span> 
     </span>
     <span class='ocr_line' id='line_1_19' title="bbox 265 2769 1500 2852; baseline -0.002 -18"><span class='ocrx_word' id='word_1_125' title='bbox 265 2770 296 2834; x_wconf 88' lang='lat' dir='ltr'><strong>ot</strong></span> <span class='ocrx_word' id='word_1_126' title='bbox 310 2788 414 2852; x_wconf 88' lang='lat' dir='ltr'><strong>regem</strong></span> <span class='ocrx_word' id='word_1_127' title='bbox 429 2770 614 2835; x_wconf 79' lang='lat' dir='ltr'><strong>Franoorum</strong></span> <span class='ocrx_word' id='word_1_128' title='bbox 629 2769 825 2837; x_wconf 87' lang='lat' dir='ltr'><strong>dissidiorum</strong></span> <span class='ocrx_word' id='word_1_129' title='bbox 841 2771 950 2850; x_wconf 71' lang='lat' dir='ltr'><strong>cauus,</strong></span> <span class='ocrx_word' id='word_1_130' title='bbox 966 2772 1156 2838; x_wconf 80' lang='lat' dir='ltr'><strong>concordiam</strong></span> <span class='ocrx_word' id='word_1_131' title='bbox 1172 2771 1389 2846; x_wconf 88' lang='lat' dir='ltr'><strong>suadebamus;</strong></span> <span class='ocrx_word' id='word_1_132' title='bbox 1411 2770 1500 2834; x_wconf 81' lang='lat' dir='ltr'><strong>tanim</strong></span> 
     </span>
     <span class='ocr_line' id='line_1_20' title="bbox 265 2885 1499 2972; baseline -0.002 -24"><span class='ocrx_word' id='word_1_133' title='bbox 265 2885 427 2968; x_wconf 84' lang='lat' dir='ltr'><strong>postquam</strong></span> <span class='ocrx_word' id='word_1_134' title='bbox 449 2885 514 2952; x_wconf 91' lang='lat' dir='ltr'><strong>Deo</strong></span> <span class='ocrx_word' id='word_1_135' title='bbox 543 2885 744 2970; x_wconf 89' lang='lat' dir='ltr'><strong>omnipotenti</strong></span> <span class='ocrx_word' id='word_1_136' title='bbox 774 2887 858 2952; x_wconf 87' lang='lat' dir='ltr'><strong>eliud</strong></span> <span class='ocrx_word' id='word_1_137' title='bbox 881 2888 981 2954; x_wconf 84' lang='lat' dir='ltr'><strong>risum</strong></span> <span class='ocrx_word' id='word_1_138' title='bbox 1004 2891 1059 2967; x_wconf 76' lang='lat' dir='ltr'><strong>est</strong></span> <span class='ocrx_word' id='word_1_139' title='bbox 1091 2891 1181 2972; x_wconf 84' lang='lat' dir='ltr'><strong>etque</strong></span> <span class='ocrx_word' id='word_1_140' title='bbox 1210 2888 1275 2954; x_wconf 88' lang='lat' dir='ltr'><strong>eius</strong></span> <span class='ocrx_word' id='word_1_141' title='bbox 1298 2887 1376 2952; x_wconf 89' lang='lat' dir='ltr'><strong>nutu</strong></span> <span class='ocrx_word' id='word_1_142' title='bbox 1397 2903 1430 2950; x_wconf 89' lang='lat' dir='ltr'><strong>ae</strong></span> <span class='ocrx_word' id='word_1_143' title='bbox 1451 2901 1499 2947; x_wconf 91' lang='lat' dir='ltr'><strong>nu·</strong></span> 
     </span>
     <span class='ocr_line' id='line_1_21' title="bbox 265 2999 1499 3088; baseline -0.004 -22"><span class='ocrx_word' id='word_1_144' title='bbox 265 3001 356 3080; x_wconf 80' lang='lat' dir='ltr'><strong>mine,</strong></span> <span class='ocrx_word' id='word_1_145' title='bbox 378 3019 464 3066; x_wconf 87' lang='lat' dir='ltr'><strong>arma</strong></span> <span class='ocrx_word' id='word_1_146' title='bbox 486 3019 548 3068; x_wconf 92' lang='lat' dir='ltr'><strong>non</strong></span> <span class='ocrx_word' id='word_1_147' title='bbox 569 3021 623 3086; x_wconf 84' lang='lat' dir='ltr'><strong>per</strong></span> <span class='ocrx_word' id='word_1_148' title='bbox 650 3003 902 3088; x_wconf 78' lang='lat' dir='ltr'><strong>compositionem</strong></span> <span class='ocrx_word' id='word_1_149' title='bbox 929 3003 1058 3070; x_wconf 76' lang='lat' dir='ltr'><strong>manse</strong></span> <span class='ocrx_word' id='word_1_150' title='bbox 1082 3006 1168 3084; x_wconf 83' lang='lat' dir='ltr'><strong>sunt,</strong></span> <span class='ocrx_word' id='word_1_151' title='bbox 1198 3003 1252 3070; x_wconf 88' lang='lat' dir='ltr'><strong>sed</strong></span> <span class='ocrx_word' id='word_1_152' title='bbox 1274 3023 1327 3086; x_wconf 89' lang='lat' dir='ltr'><strong>per</strong></span> <span class='ocrx_word' id='word_1_153' title='bbox 1356 2999 1499 3068; x_wconf 68' lang='lat' dir='ltr'><strong>domnam</strong></span> 
     </span>
     <span class='ocr_line' id='line_1_22' title="bbox 266 3112 1499 3204; baseline -0.005 -22"><span class='ocrx_word' id='word_1_154' title='bbox 266 3115 419 3194; x_wconf 81' lang='lat' dir='ltr'><strong>debaota3</strong></span> <span class='ocrx_word' id='word_1_155' title='bbox 441 3118 474 3184; x_wconf 91' lang='lat' dir='ltr'><strong>id</strong></span> <span class='ocrx_word' id='word_1_156' title='bbox 496 3117 576 3202; x_wconf 90' lang='lat' dir='ltr'><strong>quod</strong></span> <span class='ocrx_word' id='word_1_157' title='bbox 599 3118 707 3196; x_wconf 78' lang='lat' dir='ltr'><strong>evenit</strong></span> <span class='ocrx_word' id='word_1_158' title='bbox 736 3119 873 3186; x_wconf 82' lang='lat' dir='ltr'><strong>evenisse</strong></span> <span class='ocrx_word' id='word_1_159' title='bbox 902 3139 958 3186; x_wconf 86' lang='lat' dir='ltr'><strong>nos</strong></span> <span class='ocrx_word' id='word_1_160' title='bbox 980 3119 1104 3204; x_wconf 90' lang='lat' dir='ltr'><strong>quidem</strong></span> <span class='ocrx_word' id='word_1_161' title='bbox 1132 3121 1283 3186; x_wconf 86' lang='lat' dir='ltr'><strong>laetamur</strong></span> <span class='ocrx_word' id='word_1_162' title='bbox 1312 3121 1348 3184; x_wconf 90' lang='lat' dir='ltr'><strong>ut</strong></span> <span class='ocrx_word' id='word_1_163' title='bbox 1370 3117 1408 3182; x_wconf 91' lang='lat' dir='ltr'><strong>ad</strong></span> <span class='ocrx_word' id='word_1_164' title='bbox 1429 3112 1499 3180; x_wconf 91' lang='lat' dir='ltr'><strong>arbi·</strong></span> 
     </span>
     <span class='ocr_line' id='line_1_23' title="bbox 264 3232 1499 3320; baseline -0.003 -22"><span class='ocrx_word' id='word_1_165' title='bbox 264 3232 359 3298; x_wconf 89' lang='lat' dir='ltr'><strong>trium</strong></span> <span class='ocrx_word' id='word_1_166' title='bbox 381 3233 413 3300; x_wconf 93' lang='lat' dir='ltr'><strong>et</strong></span> <span class='ocrx_word' id='word_1_167' title='bbox 434 3233 656 3318; x_wconf 83' lang='lat' dir='ltr'><strong>providentiam</strong></span> <span class='ocrx_word' id='word_1_168' title='bbox 678 3235 764 3300; x_wconf 83' lang='lat' dir='ltr'><strong>trram</strong></span> <span class='ocrx_word' id='word_1_169' title='bbox 779 3255 850 3301; x_wconf 89' lang='lat' dir='ltr'><strong>oum</strong></span> <span class='ocrx_word' id='word_1_170' title='bbox 872 3255 985 3320; x_wconf 90' lang='lat' dir='ltr'><strong>magna</strong></span> <span class='ocrx_word' id='word_1_171' title='bbox 1007 3238 1060 3301; x_wconf 85' lang='lat' dir='ltr'><strong>tua</strong></span> <span class='ocrx_word' id='word_1_172' title='bbox 1074 3235 1172 3320; x_wconf 85' lang='lat' dir='ltr'><strong>glorio</strong></span> <span class='ocrx_word' id='word_1_173' title='bbox 1195 3235 1275 3300; x_wconf 90' lang='lat' dir='ltr'><strong>bello</strong></span> <span class='ocrx_word' id='word_1_174' title='bbox 1297 3233 1425 3300; x_wconf 82' lang='lat' dir='ltr'><strong>feliciter</strong></span> <span class='ocrx_word' id='word_1_175' title='bbox 1438 3249 1499 3296; x_wconf 90' lang='lat' dir='ltr'><strong>oon·</strong></span> 
     </span>
     <span class='ocr_line' id='line_1_24' title="bbox 264 3347 1498 3436; baseline -0.002 -24"><span class='ocrx_word' id='word_1_176' title='bbox 264 3347 350 3427; x_wconf 88' lang='lat' dir='ltr'><strong>ieeto,</strong></span> <span class='ocrx_word' id='word_1_177' title='bbox 372 3348 440 3433; x_wconf 89' lang='lat' dir='ltr'><strong>ipso</strong></span> <span class='ocrx_word' id='word_1_178' title='bbox 462 3349 623 3416; x_wconf 79' lang='lat' dir='ltr'><strong>l&#39;ranoisro</strong></span> <span class='ocrx_word' id='word_1_179' title='bbox 646 3347 804 3416; x_wconf 86' lang='lat' dir='ltr'><strong>Gallorum</strong></span> <span class='ocrx_word' id='word_1_180' title='bbox 835 3368 905 3436; x_wconf 88' lang='lat' dir='ltr'><strong>rege</strong></span> <span class='ocrx_word' id='word_1_181' title='bbox 928 3352 1015 3434; x_wconf 91' lang='lat' dir='ltr'><strong>oapto</strong></span> <span class='ocrx_word' id='word_1_182' title='bbox 1038 3354 1070 3417; x_wconf 91' lang='lat' dir='ltr'><strong>et</strong></span> <span class='ocrx_word' id='word_1_183' title='bbox 1091 3351 1125 3416; x_wconf 90' lang='lat' dir='ltr'><strong>iu</strong></span> <span class='ocrx_word' id='word_1_184' title='bbox 1147 3352 1269 3417; x_wconf 86' lang='lat' dir='ltr'><strong>tuorum</strong></span> <span class='ocrx_word' id='word_1_185' title='bbox 1292 3350 1404 3416; x_wconf 87' lang='lat' dir='ltr'><strong>dueum</strong></span> <span class='ocrx_word' id='word_1_186' title='bbox 1425 3347 1498 3432; x_wconf 81' lang='lat' dir='ltr'><strong>pote·</strong></span> 
     </span>
     <span class='ocr_line' id='line_1_25' title="bbox 264 3459 1501 3552; baseline -0.006 -24"><span class='ocrx_word' id='word_1_187' title='bbox 264 3465 375 3530; x_wconf 85' lang='lat' dir='ltr'><strong>etatem</strong></span> <span class='ocrx_word' id='word_1_188' title='bbox 398 3463 528 3544; x_wconf 85' lang='lat' dir='ltr'><strong>redacto,</strong></span> <span class='ocrx_word' id='word_1_189' title='bbox 551 3465 661 3532; x_wconf 86' lang='lat' dir='ltr'><strong>salutis</strong></span> <span class='ocrx_word' id='word_1_190' title='bbox 684 3466 715 3532; x_wconf 89' lang='lat' dir='ltr'><strong>et</strong></span> <span class='ocrx_word' id='word_1_191' title='bbox 744 3465 856 3549; x_wconf 87' lang='lat' dir='ltr'><strong>quietis</strong></span> <span class='ocrx_word' id='word_1_192' title='bbox 879 3467 1017 3534; x_wconf 90' lang='lat' dir='ltr'><strong>omnium</strong></span> <span class='ocrx_word' id='word_1_193' title='bbox 1040 3485 1110 3552; x_wconf 88' lang='lat' dir='ltr'><strong>apes</strong></span> <span class='ocrx_word' id='word_1_194' title='bbox 1132 3485 1167 3532; x_wconf 88' lang='lat' dir='ltr'><strong>oo</strong></span> <span class='ocrx_word' id='word_1_195' title='bbox 1190 3467 1268 3532; x_wconf 88' lang='lat' dir='ltr'><strong>ratio</strong></span> <span class='ocrx_word' id='word_1_196' title='bbox 1290 3466 1393 3532; x_wconf 84' lang='lat' dir='ltr'><strong>delata</strong></span> <span class='ocrx_word' id='word_1_197' title='bbox 1414 3459 1501 3528; x_wconf 80' lang='lat' dir='ltr'><strong>luent.</strong></span> 
     </span>
    </p>
   </div>
   <div class='ocr_carea' id='block_1_8' title="bbox 261 3749 1498 4487">
    <p class='ocr_par' dir='ltr' id='par_1_8' title="bbox 261 3749 1498 4487">
     <span class='ocr_line' id='line_1_26' title="bbox 356 3749 1498 3814; baseline -0.004 -14"><span class='ocrx_word' id='word_1_198' title='bbox 356 3750 373 3810; x_wconf 83' lang='lat'><strong>¹)</strong></span> <span class='ocrx_word' id='word_1_199' title='bbox 394 3753 480 3801; x_wconf 76' lang='lat' dir='ltr'><strong>Addita</strong></span> <span class='ocrx_word' id='word_1_200' title='bbox 497 3756 564 3801; x_wconf 82' lang='lat' dir='ltr'><strong>erant</strong></span> <span class='ocrx_word' id='word_1_201' title='bbox 583 3755 706 3811; x_wconf 69' lang='lat' dir='ltr'><strong>mouentia</strong></span> <span class='ocrx_word' id='word_1_202' title='bbox 723 3755 793 3801; x_wconf 84' lang='lat' dir='ltr'><strong>rerba</strong></span> <span class='ocrx_word' id='word_1_203' title='bbox 810 3755 894 3814; x_wconf 80' lang='lat' dir='ltr'><strong>postea</strong></span> <span class='ocrx_word' id='word_1_204' title='bbox 911 3755 998 3802; x_wconf 81' lang='lat' dir='ltr'><strong>omissa</strong></span> <span class='ocrx_word' id='word_1_205' title='bbox 1009 3755 1035 3802; x_wconf 89' lang='lat' dir='ltr'><strong>et</strong></span> <span class='ocrx_word' id='word_1_206' title='bbox 1051 3754 1115 3802; x_wconf 83' lang='lat' dir='ltr'><strong>linea</strong></span> <span class='ocrx_word' id='word_1_207' title='bbox 1133 3754 1283 3802; x_wconf 74' lang='lat' dir='ltr'><strong>transrenali</strong></span> <span class='ocrx_word' id='word_1_208' title='bbox 1301 3755 1407 3810; x_wconf 69' lang='lat' dir='ltr'><strong>signate:</strong></span> <span class='ocrx_word' id='word_1_209' title='bbox 1424 3749 1498 3807; x_wconf 79' lang='lat' dir='ltr'><strong>,ireo-</strong></span> 
     </span>
     <span class='ocr_line' id='line_1_27' title="bbox 262 3845 1498 3934; baseline 0.002 -38"><span class='ocrx_word' id='word_1_210' title='bbox 262 3851 323 3897; x_wconf 82' lang='lat' dir='ltr'><strong>siins</strong></span> <span class='ocrx_word' id='word_1_211' title='bbox 342 3863 396 3898; x_wconf 76' lang='lat' dir='ltr'><strong>raro</strong></span> <span class='ocrx_word' id='word_1_212' title='bbox 414 3851 448 3898; x_wconf 88' lang='lat' dir='ltr'><strong>tul</strong></span> <span class='ocrx_word' id='word_1_213' title='bbox 468 3851 564 3898; x_wconf 85' lang='lat' dir='ltr'><strong>rietoris</strong></span> <span class='ocrx_word' id='word_1_214' title='bbox 588 3851 703 3900; x_wconf 80' lang='lat' dir='ltr'><strong>exereitus</strong></span> <span class='ocrx_word' id='word_1_215' title='bbox 721 3865 762 3912; x_wconf 83' lang='lat' dir='ltr'><strong>per</strong></span> <span class='ocrx_word' id='word_1_216' title='bbox 778 3851 830 3900; x_wconf 85' lang='lat' dir='ltr'><strong>looa</strong></span> <span class='ocrx_word' id='word_1_217' title='bbox 848 3852 916 3898; x_wconf 86' lang='lat' dir='ltr'><strong>nobis</strong></span> <span class='ocrx_word' id='word_1_218' title='bbox 934 3853 959 3899; x_wconf 92' lang='lat' dir='ltr'><strong>et</strong></span> <span class='ocrx_word' id='word_1_219' title='bbox 977 3849 1030 3899; x_wconf 81' lang='lat' dir='ltr'><strong>Sedl</strong></span> <span class='ocrx_word' id='word_1_220' title='bbox 1054 3851 1197 3912; x_wconf 62' lang='lat' dir='ltr'><strong>apostoliae</strong></span> <span class='ocrx_word' id='word_1_221' title='bbox 1214 3851 1327 3934; x_wconf 62' lang='lat' dir='ltr'><strong>sublesta·</strong></span> <span class='ocrx_word' id='word_1_222' title='bbox 1337 3851 1437 3908; x_wconf 71' lang='lat' dir='ltr'><strong>aliem</strong></span> <span class='ocrx_word' id='word_1_223' title='bbox 1454 3845 1498 3892; x_wconf 68' lang='lat' dir='ltr'><strong>tub</strong></span> 
     </span>
     <span class='ocr_line' id='line_1_28' title="bbox 261 3941 1498 4012; baseline 0.004 -18"><span class='ocrx_word' id='word_1_224' title='bbox 261 3947 319 3996; x_wconf 76' lang='lat' dir='ltr'><strong>orer·</strong></span> <span class='ocrx_word' id='word_1_225' title='bbox 344 3949 433 3998; x_wconf 79' lang='lat' dir='ltr'><strong>nestris</strong></span> <span class='ocrx_word' id='word_1_226' title='bbox 456 3949 540 3997; x_wconf 70' lang='lat' dir='ltr'><strong>afferre</strong></span> <span class='ocrx_word' id='word_1_227' title='bbox 565 3953 646 4012; x_wconf 81' lang='lat' dir='ltr'><strong>posset</strong></span> <span class='ocrx_word' id='word_1_228' title='bbox 663 3951 724 3996; x_wconf 81' lang='lat' dir='ltr'><strong>sorte</strong></span> <span class='ocrx_word' id='word_1_229' title='bbox 749 3951 947 4010; x_wconf 83' lang='lat' dir='ltr'><strong>perturbationem</strong></span> <span class='ocrx_word' id='word_1_230' title='bbox 971 3950 1117 4008; x_wconf 82' lang='lat' dir='ltr'><strong>quaeretis</strong></span> <span class='ocrx_word' id='word_1_231' title='bbox 1141 3949 1257 3998; x_wconf 77' lang='lat' dir='ltr'><strong>resideret</strong></span> <span class='ocrx_word' id='word_1_232' title='bbox 1281 3948 1449 4004; x_wconf 69' lang='lat' dir='ltr'><strong>moioetinirra</strong></span> <span class='ocrx_word' id='word_1_233' title='bbox 1465 3941 1498 3999; x_wconf 74' lang='lat' dir='ltr'><strong>qni</strong></span> 
     </span>
     <span class='ocr_line' id='line_1_29' title="bbox 261 4045 1497 4106; baseline -0.004 -12"><span class='ocrx_word' id='word_1_234' title='bbox 261 4045 322 4095; x_wconf 82' lang='lat' dir='ltr'><strong>bano</strong></span> <span class='ocrx_word' id='word_1_235' title='bbox 339 4046 482 4096; x_wconf 69' lang='lat' dir='ltr'><strong>urenistlrnl</strong></span> <span class='ocrx_word' id='word_1_236' title='bbox 500 4048 526 4096; x_wconf 85' lang='lat' dir='ltr'><strong>et</strong></span> <span class='ocrx_word' id='word_1_237' title='bbox 542 4048 611 4095; x_wconf 79' lang='lat' dir='ltr'><strong>uobis</strong></span> <span class='ocrx_word' id='word_1_238' title='bbox 628 4049 652 4094; x_wconf 90' lang='lat' dir='ltr'><strong>ln</strong></span> <span class='ocrx_word' id='word_1_239' title='bbox 665 4048 727 4094; x_wconf 83' lang='lat' dir='ltr'><strong>erunt</strong></span> <span class='ocrx_word' id='word_1_240' title='bbox 740 4061 818 4096; x_wconf 87' lang='lat' dir='ltr'><strong>amore</strong></span> <span class='ocrx_word' id='word_1_241' title='bbox 835 4048 1019 4095; x_wconf 82' lang='lat' dir='ltr'><strong>coniunctissimi</strong></span> <span class='ocrx_word' id='word_1_242' title='bbox 1032 4045 1138 4095; x_wconf 69' lang='lat' dir='ltr'><strong>casuris</strong></span> <span class='ocrx_word' id='word_1_243' title='bbox 1150 4047 1270 4094; x_wconf 75' lang='lat' dir='ltr'><strong>victoriam</strong></span> <span class='ocrx_word' id='word_1_244' title='bbox 1283 4059 1403 4106; x_wconf 80' lang='lat' dir='ltr'><strong>speremus</strong></span> <span class='ocrx_word' id='word_1_245' title='bbox 1420 4049 1443 4092; x_wconf 88' lang='lat' dir='ltr'><strong>et</strong></span> <span class='ocrx_word' id='word_1_246' title='bbox 1453 4053 1497 4088; x_wconf 79' lang='lat' dir='ltr'><strong>rou·</strong></span> 
     </span>
     <span class='ocr_line' id='line_1_30' title="bbox 263 4141 1498 4206; baseline 0.002 -14"><span class='ocrx_word' id='word_1_247' title='bbox 263 4145 355 4193; x_wconf 79' lang='lat' dir='ltr'><strong>idimon</strong></span> <span class='ocrx_word' id='word_1_248' title='bbox 373 4145 441 4193; x_wconf 83' lang='lat' dir='ltr'><strong>nobis</strong></span> <span class='ocrx_word' id='word_1_249' title='bbox 458 4145 557 4204; x_wconf 77' lang='lat' dir='ltr'><strong>letitiae,</strong></span> <span class='ocrx_word' id='word_1_250' title='bbox 576 4147 696 4194; x_wconf 80' lang='lat' dir='ltr'><strong>unireraae</strong></span> <span class='ocrx_word' id='word_1_251' title='bbox 708 4145 879 4194; x_wconf 79' lang='lat' dir='ltr'><strong>christianitati</strong></span> <span class='ocrx_word' id='word_1_252' title='bbox 897 4147 963 4206; x_wconf 76' lang='lat' dir='ltr'><strong>pecie</strong></span> <span class='ocrx_word' id='word_1_253' title='bbox 980 4149 1006 4194; x_wconf 91' lang='lat' dir='ltr'><strong>et</strong></span> <span class='ocrx_word' id='word_1_254' title='bbox 1024 4144 1206 4203; x_wconf 79' lang='lat' dir='ltr'><strong>tranquillitatis</strong></span> <span class='ocrx_word' id='word_1_255' title='bbox 1224 4145 1316 4204; x_wconf 76' lang='lat' dir='ltr'><strong>plenam</strong></span> <span class='ocrx_word' id='word_1_256' title='bbox 1337 4144 1394 4191; x_wconf 76' lang='lat' dir='ltr'><strong>iore.</strong></span> <span class='ocrx_word' id='word_1_257' title='bbox 1428 4141 1498 4194; x_wconf 76' lang='lat' dir='ltr'><strong>lirun</strong></span> 
     </span>
     <span class='ocr_line' id='line_1_31' title="bbox 262 4239 1498 4302; baseline -0.003 -12"><span class='ocrx_word' id='word_1_258' title='bbox 262 4243 419 4290; x_wconf 68' lang='lat' dir='ltr'><strong>miserebis</strong></span> <span class='ocrx_word' id='word_1_259' title='bbox 437 4243 596 4299; x_wconf 60' lang='lat' dir='ltr'><strong>munimem</strong></span> <span class='ocrx_word' id='word_1_260' title='bbox 614 4243 636 4290; x_wconf 82' lang='lat' dir='ltr'><strong>ei</strong></span> <span class='ocrx_word' id='word_1_261' title='bbox 654 4244 683 4292; x_wconf 78' lang='lat' dir='ltr'><strong>ab</strong></span> <span class='ocrx_word' id='word_1_262' title='bbox 696 4243 740 4292; x_wconf 87' lang='lat' dir='ltr'><strong>boe</strong></span> <span class='ocrx_word' id='word_1_263' title='bbox 757 4244 851 4291; x_wconf 86' lang='lat' dir='ltr'><strong>omniuo</strong></span> <span class='ocrx_word' id='word_1_264' title='bbox 869 4243 967 4291; x_wconf 81' lang='lat' dir='ltr'><strong>oonsilio</strong></span> <span class='ocrx_word' id='word_1_265' title='bbox 979 4243 1023 4290; x_wconf 88' lang='lat' dir='ltr'><strong>boe</strong></span> <span class='ocrx_word' id='word_1_266' title='bbox 1041 4245 1145 4302; x_wconf 60' lang='lat' dir='ltr'><strong>empore</strong></span> <span class='ocrx_word' id='word_1_267' title='bbox 1163 4239 1290 4290; x_wconf 66' lang='lat' dir='ltr'><strong>dubiteris.</strong></span> <span class='ocrx_word' id='word_1_268' title='bbox 1329 4243 1388 4289; x_wconf 83' lang='lat' dir='ltr'><strong>Nam</strong></span> <span class='ocrx_word' id='word_1_269' title='bbox 1400 4239 1453 4298; x_wconf 80' lang='lat' dir='ltr'><strong>quin</strong></span> <span class='ocrx_word' id='word_1_270' title='bbox 1464 4245 1498 4280; x_wconf 64' lang='grc' dir='ltr'>Μ</span> 
     </span>
     <span class='ocr_line' id='line_1_32' title="bbox 261 4333 1497 4390; baseline -0.004 -1"><span class='ocrx_word' id='word_1_271' title='bbox 261 4352 341 4389; x_wconf 80' lang='lat' dir='ltr'><strong>ornnes</strong></span> <span class='ocrx_word' id='word_1_272' title='bbox 357 4341 474 4389; x_wconf 82' lang='lat' dir='ltr'><strong>turnultus</strong></span> <span class='ocrx_word' id='word_1_273' title='bbox 492 4343 518 4390; x_wconf 85' lang='lat' dir='ltr'><strong>et</strong></span> <span class='ocrx_word' id='word_1_274' title='bbox 534 4340 648 4390; x_wconf 79' lang='lat' dir='ltr'><strong>eoiiiones</strong></span> <span class='ocrx_word' id='word_1_275' title='bbox 666 4341 809 4390; x_wconf 73' lang='lat' dir='ltr'><strong>matorum</strong></span> <span class='ocrx_word' id='word_1_276' title='bbox 826 4342 851 4388; x_wconf 90' lang='lat' dir='ltr'><strong>in</strong></span> <span class='ocrx_word' id='word_1_277' title='bbox 869 4341 922 4389; x_wconf 82' lang='lat' dir='ltr'><strong>tote</strong></span> <span class='ocrx_word' id='word_1_278' title='bbox 931 4339 1030 4390; x_wconf 65' lang='lat' dir='ltr'><strong>serene</strong></span> <span class='ocrx_word' id='word_1_279' title='bbox 1042 4339 1162 4390; x_wconf 75' lang='lat' dir='ltr'><strong>Romanae</strong></span> <span class='ocrx_word' id='word_1_280' title='bbox 1173 4339 1289 4388; x_wconf 63' lang='lat' dir='ltr'><strong>&amp;deniae</strong></span> <span class='ocrx_word' id='word_1_281' title='bbox 1300 4333 1497 4387; x_wconf 71' lang='lat' dir='ltr'><strong>dannomine</strong></span> 
     </span>
     <span class='ocr_line' id='line_1_33' title="bbox 261 4437 841 4487; baseline 0.003 -3"><span class='ocrx_word' id='word_1_282' title='bbox 261 4439 287 4485; x_wconf 88' lang='lat' dir='ltr'><strong>et</strong></span> <span class='ocrx_word' id='word_1_283' title='bbox 303 4438 409 4486; x_wconf 72' lang='lat' dir='ltr'><strong>aubistoe</strong></span> <span class='ocrx_word' id='word_1_284' title='bbox 426 4438 523 4487; x_wconf 65' lang='grc' dir='ltr'><strong>τὼν</strong></span> <span class='ocrx_word' id='word_1_285' title='bbox 540 4437 636 4486; x_wconf 82' lang='lat' dir='ltr'><strong>dublum</strong></span> <span class='ocrx_word' id='word_1_286' title='bbox 653 4438 698 4486; x_wconf 83' lang='lat' dir='ltr'><strong>tibi</strong></span> <span class='ocrx_word' id='word_1_287' title='bbox 717 4451 764 4486; x_wconf 85' lang='lat' dir='ltr'><strong>non</strong></span> <span class='ocrx_word' id='word_1_288' title='bbox 782 4439 841 4486; x_wconf 77' lang='lat' dir='ltr'><strong>rit‘.</strong></span> 
     </span>
    </p>
   </div>
   <div class='ocr_carea' id='block_1_9' title="bbox 0 0 1580 4902">
    <p class='ocr_par' dir='ltr' id='par_1_9' title="bbox 0 0 1580 4902">
     <span class='ocr_line' id='line_1_34' title="bbox 0 0 1580 4902; baseline 0 3"><span class='ocrx_word' id='word_1_289' title='bbox 0 0 1580 4902; x_wconf 95' lang='lat' dir='ltr'><strong> </strong></span> 
     </span>
    </p>
   </div>
  </div>
 </body>
</html>
