<?xml version="1.0" encoding="UTF-8"?>
<!DOCTYPE html PUBLIC "-//W3C//DTD XHTML 1.0 Transitional//EN"
    "http://www.w3.org/TR/xhtml1/DTD/xhtml1-transitional.dtd">
<html xmlns="http://www.w3.org/1999/xhtml" xml:lang="en" lang="en">
 <head>
  <title>
</title>
<meta http-equiv="Content-Type" content="text/html;charset=utf-8" />
  <meta name='ocr-system' content='tesseract 3.04.00' />
  <meta name='ocr-capabilities' content='ocr_page ocr_carea ocr_par ocr_line ocrx_word'/>
</head>
<body>
  <div class='ocr_page' id='page_1' title='image "./monumentasaecul00sadogoog_0241.png"; bbox 0 0 3128 4908; ppageno 0'>
   <div class='ocr_carea' id='block_1_1' title="bbox 751 281 995 345">
    <p class='ocr_par' dir='ltr' id='par_1_1' title="bbox 751 281 995 345">
     <span class='ocr_line' id='line_1_1' title="bbox 751 281 995 345; baseline -0.004 -19"><span class='ocrx_word' id='word_1_1' title='bbox 751 281 995 345; x_wconf 64' lang='lat'><strong>„222-</strong></span> 
     </span>
    </p>
   </div>
   <div class='ocr_carea' id='block_1_2' title="bbox 243 469 1560 2046">
    <p class='ocr_par' dir='ltr' id='par_1_2' title="bbox 243 469 1560 1370">
     <span class='ocr_line' id='line_1_2' title="bbox 243 469 1481 558; baseline -0.006 -13"><span class='ocrx_word' id='word_1_2' title='bbox 243 477 546 554; x_wconf 84' lang='lat' dir='ltr'><strong>communicaturum</strong></span> <span class='ocrx_word' id='word_1_3' title='bbox 568 474 727 558; x_wconf 88' lang='lat' dir='ltr'><strong>inquibus</strong></span> <span class='ocrx_word' id='word_1_4' title='bbox 749 474 892 541; x_wconf 91' lang='lat' dir='ltr'><strong>omnibus</strong></span> <span class='ocrx_word' id='word_1_5' title='bbox 907 473 1130 551; x_wconf 83' lang='lat' dir='ltr'><strong>mmdsvinlns,</strong></span> <span class='ocrx_word' id='word_1_6' title='bbox 1152 474 1188 538; x_wconf 90' lang='lat' dir='ltr'><strong>ut</strong></span> <span class='ocrx_word' id='word_1_7' title='bbox 1210 469 1409 538; x_wconf 66' lang='lat' dir='ltr'><strong>fraternitatis</strong></span> <span class='ocrx_word' id='word_1_8' title='bbox 1422 475 1481 537; x_wconf 87' lang='lat' dir='ltr'><strong>tuac</strong></span> 
     </span>
     <span class='ocr_line' id='line_1_3' title="bbox 244 587 1481 678; baseline -0.007 -18"><span class='ocrx_word' id='word_1_9' title='bbox 244 611 334 678; x_wconf 86' lang='lat' dir='ltr'><strong>opera</strong></span> <span class='ocrx_word' id='word_1_10' title='bbox 363 592 544 659; x_wconf 71' lang='lat' dir='ltr'><strong>auctoritate</strong></span> <span class='ocrx_word' id='word_1_11' title='bbox 574 590 703 657; x_wconf 89' lang='lat' dir='ltr'><strong>consilio</strong></span> <span class='ocrx_word' id='word_1_12' title='bbox 725 591 894 674; x_wconf 89' lang='lat' dir='ltr'><strong>plurimum</strong></span> <span class='ocrx_word' id='word_1_13' title='bbox 916 591 1060 655; x_wconf 88' lang='lat' dir='ltr'><strong>uteretur.</strong></span> <span class='ocrx_word' id='word_1_14' title='bbox 1106 587 1178 654; x_wconf 87' lang='lat' dir='ltr'><strong>Non</strong></span> <span class='ocrx_word' id='word_1_15' title='bbox 1207 588 1291 654; x_wconf 92' lang='lat' dir='ltr'><strong>enim</strong></span> <span class='ocrx_word' id='word_1_16' title='bbox 1321 587 1481 654; x_wconf 83' lang='lat' dir='ltr'><strong>dubitamus</strong></span> 
     </span>
     <span class='ocr_line' id='line_1_4' title="bbox 245 702 1560 794; baseline -0.008 -18"><span class='ocrx_word' id='word_1_17' title='bbox 245 709 320 794; x_wconf 88' lang='lat' dir='ltr'><strong>quin</strong></span> <span class='ocrx_word' id='word_1_18' title='bbox 341 709 396 774; x_wconf 89' lang='lat' dir='ltr'><strong>tua</strong></span> <span class='ocrx_word' id='word_1_19' title='bbox 416 708 451 775; x_wconf 89' lang='lat' dir='ltr'><strong>in</strong></span> <span class='ocrx_word' id='word_1_20' title='bbox 472 708 564 773; x_wconf 92' lang='lat' dir='ltr'><strong>rebus</strong></span> <span class='ocrx_word' id='word_1_21' title='bbox 586 705 719 790; x_wconf 76' lang='lat' dir='ltr'><strong>publicis</strong></span> <span class='ocrx_word' id='word_1_22' title='bbox 741 707 774 771; x_wconf 89' lang='lat' dir='ltr'><strong>et</strong></span> <span class='ocrx_word' id='word_1_23' title='bbox 795 705 910 771; x_wconf 89' lang='lat' dir='ltr'><strong>nostris</strong></span> <span class='ocrx_word' id='word_1_24' title='bbox 932 705 1031 772; x_wconf 87' lang='lat' dir='ltr'><strong>virtus</strong></span> <span class='ocrx_word' id='word_1_25' title='bbox 1053 723 1089 770; x_wconf 89' lang='lat' dir='ltr'><strong>ac</strong></span> <span class='ocrx_word' id='word_1_26' title='bbox 1110 703 1316 770; x_wconf 86' lang='lat' dir='ltr'><strong>benivolentia</strong></span> <span class='ocrx_word' id='word_1_27' title='bbox 1337 722 1373 769; x_wconf 86' lang='lat' dir='ltr'><strong>ea</strong></span> <span class='ocrx_word' id='word_1_28' title='bbox 1394 702 1483 768; x_wconf 81' lang='lat' dir='ltr'><strong>futura</strong></span> <span class='ocrx_word' id='word_1_29' title='bbox 1559 711 1560 750; x_wconf 56' lang='grc' dir='ltr'>ὲ</span> 
     </span>
     <span class='ocr_line' id='line_1_5' title="bbox 246 811 1560 909; baseline -0.005 -19"><span class='ocrx_word' id='word_1_30' title='bbox 246 824 288 890; x_wconf 88' lang='lat' dir='ltr'><strong>sit</strong></span> <span class='ocrx_word' id='word_1_31' title='bbox 310 841 387 909; x_wconf 89' lang='lat' dir='ltr'><strong>quae</strong></span> <span class='ocrx_word' id='word_1_32' title='bbox 409 842 530 907; x_wconf 91' lang='lat' dir='ltr'><strong>semper</strong></span> <span class='ocrx_word' id='word_1_33' title='bbox 551 823 618 888; x_wconf 86' lang='lat' dir='ltr'><strong>fnit</strong></span> <span class='ocrx_word' id='word_1_34' title='bbox 665 821 832 888; x_wconf 75' lang='lat' dir='ltr'><strong>Hortamur</strong></span> <span class='ocrx_word' id='word_1_35' title='bbox 853 811 951 906; x_wconf 79' lang='lat' dir='ltr'><strong>igitur</strong></span> <span class='ocrx_word' id='word_1_36' title='bbox 976 819 1104 887; x_wconf 85' lang='lat' dir='ltr'><strong>eandem</strong></span> <span class='ocrx_word' id='word_1_37' title='bbox 1126 822 1212 886; x_wconf 85' lang='lat' dir='ltr'><strong>tuam</strong></span> <span class='ocrx_word' id='word_1_38' title='bbox 1235 819 1354 885; x_wconf 61' lang='lat' dir='ltr'><strong>frat.tum</strong></span> <span class='ocrx_word' id='word_1_39' title='bbox 1376 818 1408 884; x_wconf 89' lang='lat' dir='ltr'><strong>in</strong></span> <span class='ocrx_word' id='word_1_40' title='bbox 1428 818 1482 883; x_wconf 80' lang='lat' dir='ltr'><strong>uc</strong></span> <span class='ocrx_word' id='word_1_41' title='bbox 1559 825 1560 866; x_wconf 73' lang='lat'><strong><em>1</em></strong></span> 
     </span>
     <span class='ocr_line' id='line_1_6' title="bbox 246 935 1484 1024; baseline -0.006 -19"><span class='ocrx_word' id='word_1_42' title='bbox 246 940 330 1006; x_wconf 91' lang='lat' dir='ltr'><strong>mino</strong></span> <span class='ocrx_word' id='word_1_43' title='bbox 353 941 388 1004; x_wconf 89' lang='lat' dir='ltr'><strong>ut</strong></span> <span class='ocrx_word' id='word_1_44' title='bbox 402 958 473 1005; x_wconf 89' lang='lat' dir='ltr'><strong>sum</strong></span> <span class='ocrx_word' id='word_1_45' title='bbox 486 939 618 1024; x_wconf 84' lang='lat' dir='ltr'><strong>benigne</strong></span> <span class='ocrx_word' id='word_1_46' title='bbox 633 937 776 1020; x_wconf 89' lang='lat' dir='ltr'><strong>accipere,</strong></span> <span class='ocrx_word' id='word_1_47' title='bbox 798 935 991 1022; x_wconf 82' lang='lat' dir='ltr'><strong>gratiamque</strong></span> <span class='ocrx_word' id='word_1_48' title='bbox 1013 937 1062 1003; x_wconf 93' lang='lat' dir='ltr'><strong>illi</strong></span> <span class='ocrx_word' id='word_1_49' title='bbox 1076 937 1163 1001; x_wconf 88' lang='lat' dir='ltr'><strong>tuam</strong></span> <span class='ocrx_word' id='word_1_50' title='bbox 1185 937 1216 1001; x_wconf 93' lang='lat' dir='ltr'><strong>et</strong></span> <span class='ocrx_word' id='word_1_51' title='bbox 1238 954 1326 1018; x_wconf 90' lang='lat' dir='ltr'><strong>opem</strong></span> <span class='ocrx_word' id='word_1_52' title='bbox 1345 936 1484 1018; x_wconf 86' lang='lat' dir='ltr'><strong>praestare</strong></span> 
     </span>
     <span class='ocr_line' id='line_1_7' title="bbox 246 1049 1484 1136; baseline -0.006 -14"><span class='ocrx_word' id='word_1_53' title='bbox 246 1075 282 1122; x_wconf 86' lang='lat' dir='ltr'><strong>ac</strong></span> <span class='ocrx_word' id='word_1_54' title='bbox 303 1054 396 1121; x_wconf 86' lang='lat' dir='ltr'><strong>fidem</strong></span> <span class='ocrx_word' id='word_1_55' title='bbox 419 1073 573 1120; x_wconf 90' lang='lat' dir='ltr'><strong>summam</strong></span> <span class='ocrx_word' id='word_1_56' title='bbox 594 1054 706 1119; x_wconf 87' lang='lat' dir='ltr'><strong>habere</strong></span> <span class='ocrx_word' id='word_1_57' title='bbox 727 1054 762 1119; x_wconf 93' lang='lat' dir='ltr'><strong>in</strong></span> <span class='ocrx_word' id='word_1_58' title='bbox 783 1053 926 1120; x_wconf 90' lang='lat' dir='ltr'><strong>omnibns</strong></span> <span class='ocrx_word' id='word_1_59' title='bbox 949 1053 1035 1132; x_wconf 83' lang='lat' dir='ltr'><strong>uelis,</strong></span> <span class='ocrx_word' id='word_1_60' title='bbox 1058 1071 1116 1136; x_wconf 88' lang='lat' dir='ltr'><strong>quo</strong></span> <span class='ocrx_word' id='word_1_61' title='bbox 1138 1052 1166 1116; x_wconf 88' lang='lat' dir='ltr'><strong>is</strong></span> <span class='ocrx_word' id='word_1_62' title='bbox 1189 1051 1311 1117; x_wconf 77' lang='lat' dir='ltr'><strong>facilius</strong></span> <span class='ocrx_word' id='word_1_63' title='bbox 1334 1051 1366 1116; x_wconf 88' lang='lat' dir='ltr'><strong>et</strong></span> <span class='ocrx_word' id='word_1_64' title='bbox 1388 1049 1484 1114; x_wconf 86' lang='lat' dir='ltr'><strong>melius</strong></span> 
     </span>
     <span class='ocr_line' id='line_1_8' title="bbox 245 1165 1560 1254; baseline -0.006 -16"><span class='ocrx_word' id='word_1_65' title='bbox 245 1173 350 1238; x_wconf 89' lang='lat' dir='ltr'><strong>nostra</strong></span> <span class='ocrx_word' id='word_1_66' title='bbox 380 1170 439 1236; x_wconf 91' lang='lat' dir='ltr'><strong>sibi</strong></span> <span class='ocrx_word' id='word_1_67' title='bbox 467 1169 633 1237; x_wconf 89' lang='lat' dir='ltr'><strong>commissa</strong></span> <span class='ocrx_word' id='word_1_68' title='bbox 661 1167 808 1234; x_wconf 83' lang='lat' dir='ltr'><strong>mandata</strong></span> <span class='ocrx_word' id='word_1_69' title='bbox 837 1170 1008 1254; x_wconf 77' lang='lat' dir='ltr'>exequatur.</span> <span class='ocrx_word' id='word_1_70' title='bbox 1054 1166 1141 1248; x_wconf 84' lang='lat' dir='ltr'><strong>Quod</strong></span> <span class='ocrx_word' id='word_1_71' title='bbox 1169 1167 1263 1233; x_wconf 87' lang='lat' dir='ltr'><strong>facies</strong></span> <span class='ocrx_word' id='word_1_72' title='bbox 1293 1165 1382 1232; x_wconf 90' lang='lat' dir='ltr'><strong>nobis</strong></span> <span class='ocrx_word' id='word_1_73' title='bbox 1411 1183 1484 1230; x_wconf 91' lang='lat' dir='ltr'><strong>sum·</strong></span> <span class='ocrx_word' id='word_1_74' title='bbox 1559 1205 1560 1212; x_wconf 24' lang='grc' dir='ltr'>ι</span> 
     </span>
     <span class='ocr_line' id='line_1_9' title="bbox 245 1284 1292 1370; baseline -0.005 -18"><span class='ocrx_word' id='word_1_75' title='bbox 245 1305 366 1370; x_wconf 90' lang='lat' dir='ltr'><strong>mopere</strong></span> <span class='ocrx_word' id='word_1_76' title='bbox 389 1286 528 1369; x_wconf 86' lang='lat' dir='ltr'><strong>optatum</strong></span> <span class='ocrx_word' id='word_1_77' title='bbox 550 1286 582 1351; x_wconf 88' lang='lat' dir='ltr'><strong>ot</strong></span> <span class='ocrx_word' id='word_1_78' title='bbox 603 1287 735 1370; x_wconf 84' lang='lat' dir='ltr'><strong>gratnm.</strong></span> <span class='ocrx_word' id='word_1_79' title='bbox 780 1284 896 1350; x_wconf 89' lang='lat' dir='ltr'><strong>Datum</strong></span> <span class='ocrx_word' id='word_1_80' title='bbox 919 1284 1034 1352; x_wconf 89' lang='lat' dir='ltr'><strong>Romae</strong></span> <span class='ocrx_word' id='word_1_81' title='bbox 1055 1286 1113 1350; x_wconf 91' lang='lat' dir='ltr'><strong>ctc.</strong></span> <span class='ocrx_word' id='word_1_82' title='bbox 1135 1284 1171 1349; x_wconf 89' lang='lat' dir='ltr'><strong>ut</strong></span> <span class='ocrx_word' id='word_1_83' title='bbox 1193 1301 1292 1367; x_wconf 86' lang='lat' dir='ltr'><strong>supra</strong></span> 
     </span>
    </p>

    <p class='ocr_par' dir='ltr' id='par_1_3' title="bbox 246 1512 1560 2046">
     <span class='ocr_line' id='line_1_10' title="bbox 335 1512 1560 1597; baseline -0.007 -13"><span class='ocrx_word' id='word_1_84' title='bbox 335 1516 477 1584; x_wconf 71' lang='lat' dir='ltr'><strong>federico</strong></span> <span class='ocrx_word' id='word_1_85' title='bbox 499 1516 661 1582; x_wconf 85' lang='lat' dir='ltr'><strong>Admirato</strong></span> <span class='ocrx_word' id='word_1_86' title='bbox 684 1514 844 1583; x_wconf 80' lang='lat' dir='ltr'><strong>Castaliae.</strong></span> <span class='ocrx_word' id='word_1_87' title='bbox 889 1512 974 1597; x_wconf 76' lang='lat' dir='ltr'><strong>Quae</strong></span> <span class='ocrx_word' id='word_1_88' title='bbox 1003 1515 1083 1582; x_wconf 87' lang='lat' dir='ltr'><strong>circa</strong></span> <span class='ocrx_word' id='word_1_89' title='bbox 1110 1513 1358 1580; x_wconf 79' lang='lat' dir='ltr'><strong>reformationem</strong></span> <span class='ocrx_word' id='word_1_90' title='bbox 1380 1530 1485 1576; x_wconf 87' lang='lat' dir='ltr'><strong>morum</strong></span> <span class='ocrx_word' id='word_1_91' title='bbox 1559 1521 1560 1558; x_wconf 78' lang='lat'>1</span> 
     </span>
     <span class='ocr_line' id='line_1_11' title="bbox 246 1625 1485 1716; baseline -0.007 -17"><span class='ocrx_word' id='word_1_92' title='bbox 246 1633 308 1701; x_wconf 90' lang='lat' dir='ltr'><strong>sibi</strong></span> <span class='ocrx_word' id='word_1_93' title='bbox 328 1632 525 1716; x_wconf 79' lang='lat' dir='ltr'><strong>proposuerat</strong></span> <span class='ocrx_word' id='word_1_94' title='bbox 548 1632 655 1697; x_wconf 79' lang='lat' dir='ltr'><strong>scribit</strong></span> <span class='ocrx_word' id='word_1_95' title='bbox 676 1631 810 1715; x_wconf 77' lang='lat' dir='ltr'><strong>pontifex</strong></span> <span class='ocrx_word' id='word_1_96' title='bbox 834 1651 867 1697; x_wconf 88' lang='lat' dir='ltr'><strong>se</strong></span> <span class='ocrx_word' id='word_1_97' title='bbox 889 1631 953 1698; x_wconf 91' lang='lat' dir='ltr'><strong>iam</strong></span> <span class='ocrx_word' id='word_1_98' title='bbox 975 1629 1109 1714; x_wconf 86' lang='lat' dir='ltr'><strong>caepisse</strong></span> <span class='ocrx_word' id='word_1_99' title='bbox 1131 1630 1245 1714; x_wconf 77' lang='lat' dir='ltr'><strong>exequi,</strong></span> <span class='ocrx_word' id='word_1_100' title='bbox 1268 1627 1384 1694; x_wconf 83' lang='lat' dir='ltr'><strong>delecto</strong></span> <span class='ocrx_word' id='word_1_101' title='bbox 1404 1625 1485 1692; x_wconf 90' lang='lat' dir='ltr'><strong>etiam</strong></span> 
     </span>
     <span class='ocr_line' id='line_1_12' title="bbox 247 1741 1485 1832; baseline -0.007 -17"><span class='ocrx_word' id='word_1_102' title='bbox 247 1748 286 1814; x_wconf 82' lang='lat' dir='ltr'><strong>ad</strong></span> <span class='ocrx_word' id='word_1_103' title='bbox 306 1747 340 1815; x_wconf 90' lang='lat' dir='ltr'><strong>id</strong></span> <span class='ocrx_word' id='word_1_104' title='bbox 362 1748 569 1832; x_wconf 83' lang='lat' dir='ltr'><strong>praelatorum</strong></span> <span class='ocrx_word' id='word_1_105' title='bbox 599 1746 742 1823; x_wconf 87' lang='lat' dir='ltr'><strong>consilio;</strong></span> <span class='ocrx_word' id='word_1_106' title='bbox 772 1747 825 1812; x_wconf 86' lang='lat' dir='ltr'><strong>sod</strong></span> <span class='ocrx_word' id='word_1_107' title='bbox 847 1748 1020 1830; x_wconf 86' lang='lat' dir='ltr'><strong>temporum</strong></span> <span class='ocrx_word' id='word_1_108' title='bbox 1049 1745 1214 1812; x_wconf 82' lang='lat' dir='ltr'><strong>acerbitate</strong></span> <span class='ocrx_word' id='word_1_109' title='bbox 1243 1745 1383 1810; x_wconf 90' lang='lat' dir='ltr'><strong>coactum</strong></span> <span class='ocrx_word' id='word_1_110' title='bbox 1399 1741 1485 1806; x_wconf 77' lang='lat' dir='ltr'><strong>fuisse</strong></span> 
     </span>
     <span class='ocr_line' id='line_1_13' title="bbox 246 1837 1560 1950; baseline -0.009 -19"><span class='ocrx_word' id='word_1_111' title='bbox 246 1864 405 1950; x_wconf 83' lang='lat' dir='ltr'><strong>nogotium</strong></span> <span class='ocrx_word' id='word_1_112' title='bbox 413 1861 591 1928; x_wconf 87' lang='lat' dir='ltr'><strong>huiusmodi</strong></span> <span class='ocrx_word' id='word_1_113' title='bbox 606 1879 668 1928; x_wconf 92' lang='lat' dir='ltr'><strong>non</strong></span> <span class='ocrx_word' id='word_1_114' title='bbox 682 1862 748 1927; x_wconf 88' lang='lat' dir='ltr'><strong>tam</strong></span> <span class='ocrx_word' id='word_1_115' title='bbox 758 1861 899 1929; x_wconf 88' lang='lat' dir='ltr'><strong>omittere</strong></span> <span class='ocrx_word' id='word_1_116' title='bbox 915 1880 1007 1947; x_wconf 84' lang='lat' dir='ltr'><strong>quam</strong></span> <span class='ocrx_word' id='word_1_117' title='bbox 1015 1861 1143 1928; x_wconf 79' lang='lat' dir='ltr'><strong>differre.</strong></span> <span class='ocrx_word' id='word_1_118' title='bbox 1162 1860 1278 1927; x_wconf 84' lang='lat' dir='ltr'><strong>Romae</strong></span> <span class='ocrx_word' id='word_1_119' title='bbox 1294 1859 1344 1925; x_wconf 82' lang='lat' dir='ltr'><strong>oie</strong></span> <span class='ocrx_word' id='word_1_120' title='bbox 1353 1859 1384 1924; x_wconf 91' lang='lat' dir='ltr'><strong>ii</strong></span> <span class='ocrx_word' id='word_1_121' title='bbox 1394 1855 1485 1922; x_wconf 86' lang='lat' dir='ltr'><strong>llurtii</strong></span> <span class='ocrx_word' id='word_1_122' title='bbox 1559 1837 1560 1874; x_wconf 76' lang='lat'><em>³</em></span> 
     </span>
     <span class='ocr_line' id='line_1_14' title="bbox 246 1977 638 2046; baseline -0.008 0"><span class='ocrx_word' id='word_1_123' title='bbox 246 1977 377 2046; x_wconf 82' lang='lat' dir='ltr'><strong>mdmi.</strong></span> <span class='ocrx_word' id='word_1_124' title='bbox 423 1979 513 2044; x_wconf 81' lang='lat' dir='ltr'><strong>Anno</strong></span> <span class='ocrx_word' id='word_1_125' title='bbox 536 1977 638 2044; x_wconf 86' lang='lat' dir='ltr'><strong>tortio.</strong></span> 
     </span>
    </p>
   </div>
   <div class='ocr_carea' id='block_1_3' title="bbox 689 2160 1060 2367">
    <p class='ocr_par' dir='ltr' id='par_1_4' title="bbox 689 2160 1060 2367">
     <span class='ocr_line' id='line_1_15' title="bbox 842 2160 915 2227; baseline -0.014 -1"><span class='ocrx_word' id='word_1_126' title='bbox 842 2160 915 2227; x_wconf 72' lang='lat'><strong>172.</strong></span> 
     </span>
     <span class='ocr_line' id='line_1_16' title="bbox 689 2305 1060 2367; baseline 0.008 -3"><span class='ocrx_word' id='word_1_127' title='bbox 689 2305 851 2366; x_wconf 78' lang='lat' dir='ltr'><strong>Ducibus</strong></span> <span class='ocrx_word' id='word_1_128' title='bbox 872 2305 1060 2367; x_wconf 83' lang='lat' dir='ltr'><strong>Bavarfae.</strong></span> 
     </span>
    </p>
   </div>
   <div class='ocr_carea' id='block_1_4' title="bbox 247 2441 1489 4492">
    <p class='ocr_par' dir='ltr' id='par_1_5' title="bbox 247 2441 1489 4492">
     <span class='ocr_line' id='line_1_17' title="bbox 337 2441 1486 2526; baseline -0.003 -17"><span class='ocrx_word' id='word_1_129' title='bbox 337 2442 452 2509; x_wconf 87' lang='lat' dir='ltr'><strong>Dilecti</strong></span> <span class='ocrx_word' id='word_1_130' title='bbox 480 2441 546 2508; x_wconf 87' lang='lat' dir='ltr'><strong>filii.</strong></span> <span class='ocrx_word' id='word_1_131' title='bbox 598 2441 638 2506; x_wconf 83' lang='lat' dir='ltr'><strong>lut</strong></span> <span class='ocrx_word' id='word_1_132' title='bbox 666 2441 800 2526; x_wconf 84' lang='lat' dir='ltr'><strong>legimus</strong></span> <span class='ocrx_word' id='word_1_133' title='bbox 829 2442 944 2509; x_wconf 82' lang='lat' dir='ltr'><strong>libenta</strong></span> <span class='ocrx_word' id='word_1_134' title='bbox 973 2442 1076 2509; x_wconf 87' lang='lat' dir='ltr'><strong>animo</strong></span> <span class='ocrx_word' id='word_1_135' title='bbox 1105 2441 1303 2509; x_wconf 90' lang='lat' dir='ltr'><strong>nobilitatum</strong></span> <span class='ocrx_word' id='word_1_136' title='bbox 1331 2442 1486 2507; x_wconf 75' lang='lat' dir='ltr'><strong>rosnarum</strong></span> 
     </span>
     <span class='ocr_line' id='line_1_18' title="bbox 247 2553 1486 2643; baseline -0.006 -18"><span class='ocrx_word' id='word_1_137' title='bbox 247 2558 368 2625; x_wconf 85' lang='lat' dir='ltr'><strong>litteras</strong></span> <span class='ocrx_word' id='word_1_138' title='bbox 390 2558 497 2643; x_wconf 89' lang='lat' dir='ltr'><strong>plenas</strong></span> <span class='ocrx_word' id='word_1_139' title='bbox 512 2556 698 2642; x_wconf 79' lang='lat' dir='ltr'><strong>prudentiae,</strong></span> <span class='ocrx_word' id='word_1_140' title='bbox 721 2557 934 2638; x_wconf 81' lang='lat' dir='ltr'><strong>humanitatis,</strong></span> <span class='ocrx_word' id='word_1_141' title='bbox 957 2557 1065 2635; x_wconf 88' lang='lat' dir='ltr'><strong>officii;</strong></span> <span class='ocrx_word' id='word_1_142' title='bbox 1087 2559 1119 2624; x_wconf 89' lang='lat' dir='ltr'><strong>et</strong></span> <span class='ocrx_word' id='word_1_143' title='bbox 1137 2557 1189 2624; x_wconf 84' lang='lat' dir='ltr'><strong>(lii</strong></span> <span class='ocrx_word' id='word_1_144' title='bbox 1205 2557 1306 2623; x_wconf 86' lang='lat' dir='ltr'><strong>fllium</strong></span> <span class='ocrx_word' id='word_1_145' title='bbox 1321 2553 1486 2622; x_wconf 73' lang='lat' dir='ltr'><strong>becuminm</strong></span> 
     </span>
     <span class='ocr_line' id='line_1_19' title="bbox 249 2669 1486 2760; baseline -0.009 -20"><span class='ocrx_word' id='word_1_146' title='bbox 249 2672 396 2740; x_wconf 80' lang='lat' dir='ltr'><strong>Grinoum</strong></span> <span class='ocrx_word' id='word_1_147' title='bbox 428 2673 625 2740; x_wconf 76' lang='lat' dir='ltr'><strong>secrctmmm</strong></span> <span class='ocrx_word' id='word_1_148' title='bbox 648 2675 784 2739; x_wconf 85' lang='lat' dir='ltr'><strong>vostrum</strong></span> <span class='ocrx_word' id='word_1_149' title='bbox 807 2672 963 2740; x_wconf 89' lang='lat' dir='ltr'><strong>hominem</strong></span> <span class='ocrx_word' id='word_1_150' title='bbox 993 2675 1100 2760; x_wconf 90' lang='lat' dir='ltr'><strong>aptum</strong></span> <span class='ocrx_word' id='word_1_151' title='bbox 1121 2676 1153 2740; x_wconf 91' lang='lat' dir='ltr'><strong>et</strong></span> <span class='ocrx_word' id='word_1_152' title='bbox 1182 2673 1364 2758; x_wconf 86' lang='lat' dir='ltr'><strong>prudentem</strong></span> <span class='ocrx_word' id='word_1_153' title='bbox 1385 2669 1486 2735; x_wconf 85' lang='lat' dir='ltr'><strong>attente</strong></span> 
     </span>
     <span class='ocr_line' id='line_1_20' title="bbox 248 2785 1486 2873; baseline -0.002 -19"><span class='ocrx_word' id='word_1_154' title='bbox 248 2787 422 2855; x_wconf 85' lang='lat' dir='ltr'><strong>audivimus</strong></span> <span class='ocrx_word' id='word_1_155' title='bbox 444 2807 480 2854; x_wconf 92' lang='lat' dir='ltr'><strong>ea</strong></span> <span class='ocrx_word' id='word_1_156' title='bbox 502 2790 677 2855; x_wconf 77' lang='lat' dir='ltr'><strong>narrantum</strong></span> <span class='ocrx_word' id='word_1_157' title='bbox 707 2807 784 2873; x_wconf 88' lang='lat' dir='ltr'><strong>quae</strong></span> <span class='ocrx_word' id='word_1_158' title='bbox 806 2787 844 2855; x_wconf 89' lang='lat' dir='ltr'><strong>dc</strong></span> <span class='ocrx_word' id='word_1_159' title='bbox 866 2789 952 2854; x_wconf 85' lang='lat' dir='ltr'><strong>robis</strong></span> <span class='ocrx_word' id='word_1_160' title='bbox 976 2789 1107 2855; x_wconf 87' lang='lat' dir='ltr'><strong>maxime</strong></span> <span class='ocrx_word' id='word_1_161' title='bbox 1129 2789 1253 2855; x_wconf 85' lang='lat' dir='ltr'><strong>auribus</strong></span> <span class='ocrx_word' id='word_1_162' title='bbox 1275 2787 1390 2854; x_wconf 87' lang='lat' dir='ltr'><strong>nostris</strong></span> <span class='ocrx_word' id='word_1_163' title='bbox 1410 2785 1486 2869; x_wconf 61' lang='lat' dir='ltr'><strong>gruta</strong></span> 
     </span>
     <span class='ocr_line' id='line_1_21' title="bbox 248 2900 1487 2988; baseline -0.006 -18"><span class='ocrx_word' id='word_1_164' title='bbox 248 2903 436 2970; x_wconf 87' lang='lat' dir='ltr'><strong>accidebant.</strong></span> <span class='ocrx_word' id='word_1_165' title='bbox 490 2903 573 2971; x_wconf 83' lang='lat' dir='ltr'><strong>Nam</strong></span> <span class='ocrx_word' id='word_1_166' title='bbox 602 2905 634 2969; x_wconf 88' lang='lat' dir='ltr'><strong>ct</strong></span> <span class='ocrx_word' id='word_1_167' title='bbox 663 2904 870 2970; x_wconf 85' lang='lat' dir='ltr'><strong>constantium</strong></span> <span class='ocrx_word' id='word_1_168' title='bbox 898 2923 952 2987; x_wconf 93' lang='lat' dir='ltr'><strong>pro</strong></span> <span class='ocrx_word' id='word_1_169' title='bbox 983 2904 1056 2971; x_wconf 85' lang='lat' dir='ltr'><strong>fidoi</strong></span> <span class='ocrx_word' id='word_1_170' title='bbox 1083 2903 1232 2971; x_wconf 84' lang='lat' dir='ltr'><strong>catholico</strong></span> <span class='ocrx_word' id='word_1_171' title='bbox 1262 2900 1487 2988; x_wconf 70' lang='lat' dir='ltr'><strong>propugnatione</strong></span> 
     </span>
     <span class='ocr_line' id='line_1_22' title="bbox 248 3016 1487 3111; baseline -0.006 -25"><span class='ocrx_word' id='word_1_172' title='bbox 248 3019 384 3087; x_wconf 73' lang='lat' dir='ltr'><strong>restam</strong></span> <span class='ocrx_word' id='word_1_173' title='bbox 405 3021 438 3086; x_wconf 88' lang='lat' dir='ltr'><strong>et</strong></span> <span class='ocrx_word' id='word_1_174' title='bbox 460 3019 606 3111; x_wconf 86' lang='lat' dir='ltr'><strong>eximiam</strong></span> <span class='ocrx_word' id='word_1_175' title='bbox 627 3018 661 3084; x_wconf 92' lang='lat' dir='ltr'><strong>in</strong></span> <span class='ocrx_word' id='word_1_176' title='bbox 682 3020 772 3085; x_wconf 88' lang='lat' dir='ltr'><strong>rebus</strong></span> <span class='ocrx_word' id='word_1_177' title='bbox 802 3019 945 3104; x_wconf 81' lang='lat' dir='ltr'><strong>gerendis</strong></span> <span class='ocrx_word' id='word_1_178' title='bbox 968 3020 1113 3087; x_wconf 70' lang='lat' dir='ltr'><strong>virtutm</strong></span> <span class='ocrx_word' id='word_1_179' title='bbox 1136 3022 1167 3086; x_wconf 89' lang='lat' dir='ltr'><strong>et</strong></span> <span class='ocrx_word' id='word_1_180' title='bbox 1188 3019 1341 3105; x_wconf 88' lang='lat' dir='ltr'><strong>optimum</strong></span> <span class='ocrx_word' id='word_1_181' title='bbox 1364 3016 1487 3083; x_wconf 90' lang='lat' dir='ltr'><strong>animum</strong></span> 
     </span>
     <span class='ocr_line' id='line_1_23' title="bbox 249 3131 1485 3220; baseline -0.006 -19"><span class='ocrx_word' id='word_1_182' title='bbox 249 3154 322 3220; x_wconf 80' lang='lat' dir='ltr'><strong>erga</strong></span> <span class='ocrx_word' id='word_1_183' title='bbox 345 3153 400 3200; x_wconf 92' lang='lat' dir='ltr'><strong>uos</strong></span> <span class='ocrx_word' id='word_1_184' title='bbox 425 3133 629 3220; x_wconf 73' lang='lat' dir='ltr'><strong>Sanctamque</strong></span> <span class='ocrx_word' id='word_1_185' title='bbox 645 3133 756 3202; x_wconf 79' lang='lat' dir='ltr'><strong>Sciam</strong></span> <span class='ocrx_word' id='word_1_186' title='bbox 778 3135 978 3220; x_wconf 84' lang='lat' dir='ltr'><strong>apostolicam</strong></span> <span class='ocrx_word' id='word_1_187' title='bbox 1001 3135 1105 3201; x_wconf 84' lang='lat' dir='ltr'><strong>audim</strong></span> <span class='ocrx_word' id='word_1_188' title='bbox 1128 3155 1248 3220; x_wconf 89' lang='lat' dir='ltr'><strong>semper</strong></span> <span class='ocrx_word' id='word_1_189' title='bbox 1269 3133 1359 3201; x_wconf 89' lang='lat' dir='ltr'><strong>nobis</strong></span> <span class='ocrx_word' id='word_1_190' title='bbox 1381 3134 1426 3200; x_wconf 90' lang='lat' dir='ltr'><strong>ost</strong></span> <span class='ocrx_word' id='word_1_191' title='bbox 1444 3131 1485 3195; x_wconf 92' lang='lat' dir='ltr'><strong>iu·</strong></span> 
     </span>
     <span class='ocr_line' id='line_1_24' title="bbox 248 3249 1486 3337; baseline -0.002 -22"><span class='ocrx_word' id='word_1_192' title='bbox 248 3249 480 3316; x_wconf 84' lang='lat' dir='ltr'><strong>oundissimum.</strong></span> <span class='ocrx_word' id='word_1_193' title='bbox 526 3251 626 3334; x_wconf 78' lang='lat' dir='ltr'><strong>Atque</strong></span> <span class='ocrx_word' id='word_1_194' title='bbox 648 3251 723 3318; x_wconf 89' lang='lat' dir='ltr'><strong>haec</strong></span> <span class='ocrx_word' id='word_1_195' title='bbox 738 3251 842 3317; x_wconf 89' lang='lat' dir='ltr'><strong>omnia</strong></span> <span class='ocrx_word' id='word_1_196' title='bbox 864 3271 898 3316; x_wconf 90' lang='lat' dir='ltr'><strong>co</strong></span> <span class='ocrx_word' id='word_1_197' title='bbox 921 3251 1064 3336; x_wconf 83' lang='lat' dir='ltr'><strong>gratiora,</strong></span> <span class='ocrx_word' id='word_1_198' title='bbox 1086 3269 1145 3337; x_wconf 88' lang='lat' dir='ltr'><strong>quo</strong></span> <span class='ocrx_word' id='word_1_199' title='bbox 1168 3250 1218 3317; x_wconf 90' lang='lat' dir='ltr'><strong>bis</strong></span> <span class='ocrx_word' id='word_1_200' title='bbox 1232 3250 1359 3317; x_wconf 86' lang='lat' dir='ltr'><strong>afflictis</strong></span> <span class='ocrx_word' id='word_1_201' title='bbox 1380 3249 1486 3333; x_wconf 85' lang='lat' dir='ltr'><strong>portur·</strong></span> 
     </span>
     <span class='ocr_line' id='line_1_25' title="bbox 249 3362 1489 3450; baseline -0.005 -18"><span class='ocrx_word' id='word_1_202' title='bbox 249 3365 390 3450; x_wconf 87' lang='lat' dir='ltr'><strong>batisquo</strong></span> <span class='ocrx_word' id='word_1_203' title='bbox 411 3366 601 3450; x_wconf 87' lang='lat' dir='ltr'><strong>temporibus</strong></span> <span class='ocrx_word' id='word_1_204' title='bbox 623 3366 722 3432; x_wconf 85' lang='lat' dir='ltr'><strong>virtus</strong></span> <span class='ocrx_word' id='word_1_205' title='bbox 744 3367 806 3433; x_wconf 89' lang='lat' dir='ltr'><strong>ista</strong></span> <span class='ocrx_word' id='word_1_206' title='bbox 827 3367 859 3432; x_wconf 92' lang='lat' dir='ltr'><strong>et</strong></span> <span class='ocrx_word' id='word_1_207' title='bbox 880 3365 979 3450; x_wconf 88' lang='lat' dir='ltr'><strong>pistas</strong></span> <span class='ocrx_word' id='word_1_208' title='bbox 1001 3368 1050 3432; x_wconf 91' lang='lat' dir='ltr'><strong>est</strong></span> <span class='ocrx_word' id='word_1_209' title='bbox 1071 3367 1197 3433; x_wconf 85' lang='lat' dir='ltr'><strong>inventu</strong></span> <span class='ocrx_word' id='word_1_210' title='bbox 1219 3365 1323 3433; x_wconf 87' lang='lat' dir='ltr'><strong>rarior.</strong></span> <span class='ocrx_word' id='word_1_211' title='bbox 1370 3365 1426 3433; x_wconf 88' lang='lat' dir='ltr'><strong>Sed</strong></span> <span class='ocrx_word' id='word_1_212' title='bbox 1438 3362 1489 3430; x_wconf 86' lang='lat' dir='ltr'><strong>etsi</strong></span> 
     </span>
     <span class='ocr_line' id='line_1_26' title="bbox 250 3479 1488 3568; baseline 0.001 -22"><span class='ocrx_word' id='word_1_213' title='bbox 250 3499 303 3548; x_wconf 87' lang='lat' dir='ltr'><strong>ros</strong></span> <span class='ocrx_word' id='word_1_214' title='bbox 325 3480 414 3548; x_wconf 90' lang='lat' dir='ltr'><strong>nobis</strong></span> <span class='ocrx_word' id='word_1_215' title='bbox 437 3481 474 3548; x_wconf 84' lang='lat' dir='ltr'><strong>oe</strong></span> <span class='ocrx_word' id='word_1_216' title='bbox 497 3483 602 3548; x_wconf 89' lang='lat' dir='ltr'><strong>nostra</strong></span> <span class='ocrx_word' id='word_1_217' title='bbox 623 3481 657 3548; x_wconf 91' lang='lat' dir='ltr'><strong>in</strong></span> <span class='ocrx_word' id='word_1_218' title='bbox 680 3500 733 3549; x_wconf 85' lang='lat' dir='ltr'><strong>vos</strong></span> <span class='ocrx_word' id='word_1_219' title='bbox 755 3483 883 3567; x_wconf 89' lang='lat' dir='ltr'><strong>patema</strong></span> <span class='ocrx_word' id='word_1_220' title='bbox 905 3481 1061 3548; x_wconf 86' lang='lat' dir='ltr'><strong>voluntate</strong></span> <span class='ocrx_word' id='word_1_221' title='bbox 1083 3481 1178 3568; x_wconf 81' lang='lat' dir='ltr'><strong>agitis</strong></span> <span class='ocrx_word' id='word_1_222' title='bbox 1201 3483 1235 3549; x_wconf 93' lang='lat' dir='ltr'><strong>in</strong></span> <span class='ocrx_word' id='word_1_223' title='bbox 1256 3482 1370 3550; x_wconf 80' lang='lat' dir='ltr'><strong>littaris</strong></span> <span class='ocrx_word' id='word_1_224' title='bbox 1392 3479 1488 3547; x_wconf 73' lang='lat' dir='ltr'><strong>vocis</strong></span> 
     </span>
     <span class='ocr_line' id='line_1_27' title="bbox 250 3596 1488 3684; baseline -0.005 -20"><span class='ocrx_word' id='word_1_225' title='bbox 250 3596 376 3682; x_wconf 77' lang='lat' dir='ltr'><strong>gratim,</strong></span> <span class='ocrx_word' id='word_1_226' title='bbox 400 3614 455 3663; x_wconf 90' lang='lat' dir='ltr'><strong>nos</strong></span> <span class='ocrx_word' id='word_1_227' title='bbox 478 3599 583 3664; x_wconf 83' lang='lat' dir='ltr'><strong>tamen</strong></span> <span class='ocrx_word' id='word_1_228' title='bbox 604 3597 650 3662; x_wconf 89' lang='lat' dir='ltr'><strong>ita</strong></span> <span class='ocrx_word' id='word_1_229' title='bbox 664 3597 835 3664; x_wconf 84' lang='lat' dir='ltr'><strong>iudicamus</strong></span> <span class='ocrx_word' id='word_1_230' title='bbox 857 3597 937 3662; x_wconf 91' lang='lat' dir='ltr'><strong>nihil</strong></span> <span class='ocrx_word' id='word_1_231' title='bbox 959 3616 1026 3664; x_wconf 87' lang='lat' dir='ltr'><strong>esse</strong></span> <span class='ocrx_word' id='word_1_232' title='bbox 1048 3599 1169 3665; x_wconf 79' lang='lat' dir='ltr'><strong>uncum</strong></span> <span class='ocrx_word' id='word_1_233' title='bbox 1185 3597 1264 3684; x_wconf 81' lang='lat' dir='ltr'><strong>quod</strong></span> <span class='ocrx_word' id='word_1_234' title='bbox 1286 3616 1348 3665; x_wconf 92' lang='lat' dir='ltr'><strong>non</strong></span> <span class='ocrx_word' id='word_1_235' title='bbox 1370 3598 1488 3664; x_wconf 79' lang='lat' dir='ltr'><strong>vobisut</strong></span> 
     </span>
     <span class='ocr_line' id='line_1_28' title="bbox 249 3711 1486 3799; baseline 0.001 -19"><span class='ocrx_word' id='word_1_236' title='bbox 249 3713 410 3780; x_wconf 74' lang='lat' dir='ltr'><strong>macilenti</strong></span> <span class='ocrx_word' id='word_1_237' title='bbox 433 3711 541 3778; x_wconf 85' lang='lat' dir='ltr'><strong>virtuti</strong></span> <span class='ocrx_word' id='word_1_238' title='bbox 563 3713 682 3780; x_wconf 76' lang='lat' dir='ltr'><strong>vestm</strong></span> <span class='ocrx_word' id='word_1_239' title='bbox 704 3714 737 3780; x_wconf 88' lang='lat' dir='ltr'><strong>et</strong></span> <span class='ocrx_word' id='word_1_240' title='bbox 758 3713 880 3780; x_wconf 88' lang='lat' dir='ltr'><strong>anobis</strong></span> <span class='ocrx_word' id='word_1_241' title='bbox 901 3713 979 3796; x_wconf 89' lang='lat' dir='ltr'><strong>ipsis</strong></span> <span class='ocrx_word' id='word_1_242' title='bbox 1002 3716 1033 3780; x_wconf 87' lang='lat' dir='ltr'><strong>et</strong></span> <span class='ocrx_word' id='word_1_243' title='bbox 1055 3731 1264 3799; x_wconf 87' lang='lat' dir='ltr'><strong>aquocunque</strong></span> <span class='ocrx_word' id='word_1_244' title='bbox 1287 3733 1375 3781; x_wconf 77' lang='lat' dir='ltr'><strong>serae</strong></span> <span class='ocrx_word' id='word_1_245' title='bbox 1397 3711 1486 3798; x_wconf 82' lang='lat' dir='ltr'><strong>‹ligui-</strong></span> 
     </span>
     <span class='ocr_line' id='line_1_29' title="bbox 250 3826 1488 3915; baseline 0.001 -19"><span class='ocrx_word' id='word_1_246' title='bbox 250 3828 325 3896; x_wconf 84' lang='lat' dir='ltr'><strong>tatis</strong></span> <span class='ocrx_word' id='word_1_247' title='bbox 348 3829 380 3894; x_wconf 89' lang='lat' dir='ltr'><strong>ot</strong></span> <span class='ocrx_word' id='word_1_248' title='bbox 401 3827 575 3895; x_wconf 87' lang='lat' dir='ltr'><strong>nobilitatis</strong></span> <span class='ocrx_word' id='word_1_249' title='bbox 599 3828 735 3896; x_wconf 78' lang='lat' dir='ltr'><strong>studioso</strong></span> <span class='ocrx_word' id='word_1_250' title='bbox 758 3828 910 3896; x_wconf 86' lang='lat' dir='ltr'><strong>debeatur.</strong></span> <span class='ocrx_word' id='word_1_251' title='bbox 955 3826 1194 3908; x_wconf 83' lang='lat' dir='ltr'><strong>Quamombrem</strong></span> <span class='ocrx_word' id='word_1_252' title='bbox 1215 3830 1271 3895; x_wconf 85' lang='lat' dir='ltr'><strong>ills</strong></span> <span class='ocrx_word' id='word_1_253' title='bbox 1293 3848 1371 3915; x_wconf 86' lang='lat' dir='ltr'><strong>quas</strong></span> <span class='ocrx_word' id='word_1_254' title='bbox 1392 3827 1488 3897; x_wconf 73' lang='lat' dir='ltr'><strong>restris</strong></span> 
     </span>
     <span class='ocr_line' id='line_1_30' title="bbox 249 3943 1489 4030; baseline 0.002 -20"><span class='ocrx_word' id='word_1_255' title='bbox 249 3943 351 4012; x_wconf 82' lang='lat' dir='ltr'><strong>verbis</strong></span> <span class='ocrx_word' id='word_1_256' title='bbox 365 3943 456 4030; x_wconf 88' lang='lat' dir='ltr'><strong>petiit</strong></span> <span class='ocrx_word' id='word_1_257' title='bbox 478 3962 497 4010; x_wconf 86' lang='lat' dir='ltr'><strong>a</strong></span> <span class='ocrx_word' id='word_1_258' title='bbox 519 3943 608 4012; x_wconf 91' lang='lat' dir='ltr'><strong>nobis</strong></span> <span class='ocrx_word' id='word_1_259' title='bbox 629 3943 712 4012; x_wconf 74' lang='lat' dir='ltr'><strong>illem</strong></span> <span class='ocrx_word' id='word_1_260' title='bbox 726 3944 890 4012; x_wconf 79' lang='lat' dir='ltr'><strong>Accursius</strong></span> <span class='ocrx_word' id='word_1_261' title='bbox 914 3944 1094 4012; x_wconf 89' lang='lat' dir='ltr'><strong>secretarius</strong></span> <span class='ocrx_word' id='word_1_262' title='bbox 1108 3946 1208 4012; x_wconf 87' lang='lat' dir='ltr'><strong>voster</strong></span> <span class='ocrx_word' id='word_1_263' title='bbox 1229 3945 1346 4013; x_wconf 88' lang='lat' dir='ltr'><strong>habent</strong></span> <span class='ocrx_word' id='word_1_264' title='bbox 1366 3945 1489 4012; x_wconf 79' lang='lat' dir='ltr'><strong>nostran</strong></span> 
     </span>
     <span class='ocr_line' id='line_1_31' title="bbox 251 4057 1488 4146; baseline 0.002 -21"><span class='ocrx_word' id='word_1_265' title='bbox 251 4059 440 4128; x_wconf 82' lang='lat' dir='ltr'><strong>voluntatem</strong></span> <span class='ocrx_word' id='word_1_266' title='bbox 455 4061 605 4144; x_wconf 84' lang='lat' dir='ltr'><strong>paratam,</strong></span> <span class='ocrx_word' id='word_1_267' title='bbox 627 4077 704 4145; x_wconf 86' lang='lat' dir='ltr'><strong>quse</strong></span> <span class='ocrx_word' id='word_1_268' title='bbox 719 4059 798 4126; x_wconf 91' lang='lat' dir='ltr'><strong>nihil</strong></span> <span class='ocrx_word' id='word_1_269' title='bbox 819 4061 907 4145; x_wconf 90' lang='lat' dir='ltr'><strong>optat</strong></span> <span class='ocrx_word' id='word_1_270' title='bbox 920 4060 1131 4127; x_wconf 81' lang='lat' dir='ltr'><strong>uehementius</strong></span> <span class='ocrx_word' id='word_1_271' title='bbox 1147 4077 1240 4146; x_wconf 84' lang='lat' dir='ltr'><strong>qnam</strong></span> <span class='ocrx_word' id='word_1_272' title='bbox 1262 4060 1378 4127; x_wconf 67' lang='lat' dir='ltr'><strong>nourr·</strong></span> <span class='ocrx_word' id='word_1_273' title='bbox 1392 4057 1488 4128; x_wconf 72' lang='lat' dir='ltr'><strong>ratus</strong></span> 
     </span>
     <span class='ocr_line' id='line_1_32' title="bbox 250 4173 1489 4260; baseline 0 -20"><span class='ocrx_word' id='word_1_274' title='bbox 250 4177 283 4240; x_wconf 91' lang='lat' dir='ltr'><strong>et</strong></span> <span class='ocrx_word' id='word_1_275' title='bbox 303 4173 452 4258; x_wconf 72' lang='lat' dir='ltr'><strong>‹ligmtati</strong></span> <span class='ocrx_word' id='word_1_276' title='bbox 480 4177 599 4241; x_wconf 84' lang='lat' dir='ltr'><strong>vestrae</strong></span> <span class='ocrx_word' id='word_1_277' title='bbox 627 4175 838 4242; x_wconf 87' lang='lat' dir='ltr'><strong>nobilissimae</strong></span> <span class='ocrx_word' id='word_1_278' title='bbox 866 4175 1004 4242; x_wconf 87' lang='lat' dir='ltr'><strong>familiue</strong></span> <span class='ocrx_word' id='word_1_279' title='bbox 1032 4176 1116 4242; x_wconf 93' lang='lat' dir='ltr'><strong>omni</strong></span> <span class='ocrx_word' id='word_1_280' title='bbox 1136 4176 1171 4241; x_wconf 95' lang='lat' dir='ltr'><strong>in</strong></span> <span class='ocrx_word' id='word_1_281' title='bbox 1193 4195 1226 4242; x_wconf 90' lang='lat' dir='ltr'><strong>re</strong></span> <span class='ocrx_word' id='word_1_282' title='bbox 1248 4195 1326 4260; x_wconf 85' lang='lat' dir='ltr'><strong>quae</strong></span> <span class='ocrx_word' id='word_1_283' title='bbox 1347 4195 1416 4244; x_wconf 91' lang='lat' dir='ltr'><strong>cum</strong></span> <span class='ocrx_word' id='word_1_284' title='bbox 1436 4175 1489 4240; x_wconf 85' lang='lat' dir='ltr'><strong>Deo</strong></span> 
     </span>
     <span class='ocr_line' id='line_1_33' title="bbox 252 4288 1487 4359; baseline 0 -5"><span class='ocrx_word' id='word_1_285' title='bbox 252 4288 295 4354; x_wconf 85' lang='lat' dir='ltr'><strong>sit</strong></span> <span class='ocrx_word' id='word_1_286' title='bbox 317 4289 499 4356; x_wconf 82' lang='lat' dir='ltr'><strong>satisfacere</strong></span> <span class='ocrx_word' id='word_1_287' title='bbox 545 4288 605 4356; x_wconf 83' lang='lat' dir='ltr'><strong>Sed</strong></span> <span class='ocrx_word' id='word_1_288' title='bbox 624 4291 660 4357; x_wconf 90' lang='lat' dir='ltr'><strong>ut</strong></span> <span class='ocrx_word' id='word_1_289' title='bbox 674 4289 778 4356; x_wconf 81' lang='lat' dir='ltr'><strong>ordine</strong></span> <span class='ocrx_word' id='word_1_290' title='bbox 800 4291 832 4356; x_wconf 91' lang='lat' dir='ltr'><strong>et</strong></span> <span class='ocrx_word' id='word_1_291' title='bbox 853 4291 912 4357; x_wconf 87' lang='lat' dir='ltr'><strong>rite</strong></span> <span class='ocrx_word' id='word_1_292' title='bbox 933 4291 995 4357; x_wconf 87' lang='lat' dir='ltr'><strong>ista</strong></span> <span class='ocrx_word' id='word_1_293' title='bbox 1008 4291 1113 4358; x_wconf 90' lang='lat' dir='ltr'><strong>omnia</strong></span> <span class='ocrx_word' id='word_1_294' title='bbox 1134 4291 1211 4358; x_wconf 87' lang='lat' dir='ltr'><strong>fiant</strong></span> <span class='ocrx_word' id='word_1_295' title='bbox 1227 4292 1393 4359; x_wconf 83' lang='lat' dir='ltr'><strong>statuimus</strong></span> <span class='ocrx_word' id='word_1_296' title='bbox 1414 4293 1487 4358; x_wconf 65' lang='lat' dir='ltr'><strong>cub</strong></span> 
     </span>
     <span class='ocr_line' id='line_1_34' title="bbox 253 4401 1488 4492; baseline 0.006 -28"><span class='ocrx_word' id='word_1_297' title='bbox 253 4419 347 4483; x_wconf 87' lang='lat' dir='ltr'><strong>quam</strong></span> <span class='ocrx_word' id='word_1_298' title='bbox 370 4401 409 4466; x_wconf 82' lang='lat' dir='ltr'><strong>acl</strong></span> <span class='ocrx_word' id='word_1_299' title='bbox 438 4403 577 4470; x_wconf 81' lang='lat' dir='ltr'><strong>effectum</strong></span> <span class='ocrx_word' id='word_1_300' title='bbox 600 4405 644 4469; x_wconf 86' lang='lat' dir='ltr'><strong>rei</strong></span> <span class='ocrx_word' id='word_1_301' title='bbox 667 4405 834 4484; x_wconf 79' lang='lat' dir='ltr'><strong>veniamus,</strong></span> <span class='ocrx_word' id='word_1_302' title='bbox 864 4405 966 4490; x_wconf 85' lang='lat' dir='ltr'><strong>aliqua</strong></span> <span class='ocrx_word' id='word_1_303' title='bbox 988 4406 1183 4490; x_wconf 85' lang='lat' dir='ltr'><strong>praemittere</strong></span> <span class='ocrx_word' id='word_1_304' title='bbox 1206 4425 1283 4492; x_wconf 88' lang='lat' dir='ltr'><strong>quae</strong></span> <span class='ocrx_word' id='word_1_305' title='bbox 1306 4412 1380 4474; x_wconf 87' lang='lat' dir='ltr'><strong>sunt</strong></span> <span class='ocrx_word' id='word_1_306' title='bbox 1400 4405 1488 4492; x_wconf 88' lang='lat' dir='ltr'><strong>ponti·</strong></span> 
     </span>
    </p>
   </div>
   <div class='ocr_carea' id='block_1_5' title="bbox 0 0 1578 4908">
    <p class='ocr_par' dir='ltr' id='par_1_6' title="bbox 0 0 1578 4908">
     <span class='ocr_line' id='line_1_35' title="bbox 0 0 1578 4908; baseline 0 0"><span class='ocrx_word' id='word_1_307' title='bbox 0 0 1578 4908; x_wconf 95' lang='lat' dir='ltr'><strong> </strong></span> 
     </span>
    </p>
   </div>
  </div>
 </body>
</html>
