3132 4910
543 281 786 352 -295-

58 478 169 545 ducatus
190 479 345 558 Berensis,
374 499 432 564 que
462 478 527 546 sine
556 479 760 548 controversie
788 481 836 546 est
863 479 1044 560 iustissimo,
1074 480 1216 566 dignetur
1238 502 1292 567 per

58 595 149 661 litores
163 595 274 662 oratori
297 613 359 675 suo,
375 614 465 679 quem
489 595 569 680 cpud
590 595 781 680 imperialem
797 595 990 663 maiestatem
1012 597 1113 676 hebet,
1133 597 1292 682 iniungere

58 712 86 774 ut
106 729 160 776 une
181 730 250 776 cnm
272 729 348 790 meo,
372 730 462 795 quem
485 711 519 776 in
540 711 598 778 boc
619 729 712 777 censu
734 710 863 778 Berensi
884 711 1117 796 inHiepenicm
1139 732 1234 798 usque
1252 713 1291 780 sd

58 845 132 892 suam
154 827 347 893 maiestatem
369 826 450 906 misi,
480 846 545 894 rem
567 829 641 912 ngat
664 848 691 895 u.
715 847 739 894 s.
761 827 884 894 nomine
907 830 942 894 nt
970 829 1122 913 possessio
1149 828 1292 913 adempte

58 943 123 1008 citro
144 963 263 1009 omnem
294 942 475 1009 ddenonem
505 943 584 1008 mibi
606 943 794 1010 restituetur.
840 940 991 1028 Quicquid
1013 946 1116 1010 sutem
1138 945 1237 1029 gretie
1260 946 1291 1012 et

58 1059 250 1127 benevolentis
278 1059 312 1126 in
341 1060 432 1126 rebus
463 1060 541 1126 meis
563 1059 597 1124 in
625 1061 683 1126 buo
705 1063 737 1127 et
759 1060 793 1125 in
815 1059 886 1126 aliis
916 1060 1017 1126 censis
1040 1079 1067 1126 u.
1092 1079 1116 1126 s.
1138 1059 1292 1144 impertiri

57 1175 220 1260 dignubitur
241 1194 298 1259 ego
321 1195 375 1260 pro
390 1175 473 1241 uirili
495 1177 582 1260 purte
604 1175 844 1261 quibuscumque
867 1176 987 1242 meritis
1010 1177 1041 1242 et
1056 1175 1165 1242 officiis
1187 1177 1292 1261 potero

57 1291 206 1374 promereri
228 1295 260 1358 et
280 1291 392 1358 rodomo
414 1292 533 1369 curabo,
555 1310 590 1356 oc
605 1311 656 1359 me
677 1292 778 1358 totum
792 1291 858 1359 eius
880 1292 980 1376 gretie
1002 1293 1033 1359 et
1047 1292 1145 1359 emori
1166 1294 1292 1377 puteum

58 1407 220 1474 commendo
243 1409 275 1474 ot
296 1407 392 1487 trudo,
422 1408 552 1490 optoque
574 1409 610 1474 ut
632 1408 665 1474 in
694 1408 755 1475 iste
778 1407 890 1475 Sancte
919 1406 996 1476 Sede
1024 1408 1292 1493 qunmdiulissime

57 1525 140 1608 presit
161 1541 263 1608 sospes
286 1525 318 1590 et
340 1523 512 1596 incolumis,
541 1543 648 1608 resque
671 1524 855 1590 christianus
884 1523 1073 1590 felicissimis
1102 1524 1291 1592 successibus

57 1639 220 1706 moderetur.
266 1640 383 1705 Datum
406 1637 547 1705 crumulo
569 1638 631 1708 xiii.
654 1639 704 1705 die
718 1639 860 1725 Augusti
905 1640 995 1707 Anno
1018 1638 1145 1706 Domini
1159 1638 1291 1720 mlxxiv,

57 1755 131 1838 cogni
152 1756 212 1821 mei
233 1754 448 1822 docimoctevo.

132 1870 275 1936 lliusdem
299 1890 322 1937 s.
346 1872 446 1936 vestre
468 1871 761 1955 obsequentissimus
783 1871 866 1938 lilius

495 1985 711 2072 sigismundus
734 2007 786 2054 rex
808 1986 952 2053 Poloniue
974 2004 1068 2053 menn
1090 2005 1139 2070 pp.
1163 2006 1202 2054 ss.

496 2103 581 2168 Bone
603 2102 709 2188 regins
731 2103 875 2171 Polonise
897 2120 990 2168 msnu
1013 2121 1062 2186 pp.
1085 2121 1126 2168 ss

633 2365 707 2430 224.

307 2527 471 2588 Clemens
494 2530 568 2590 v11.
590 2529 759 2589 Familiae
781 2530 827 2588 de
849 2529 1031 2587 Malviclis.

393 2639 529 2723 (Regest.
545 2657 570 2704 u.
587 2639 610 2704 Ι.
627 2638 685 2704 uol.
701 2638 777 2705 xxxi.
794 2637 844 2704 fol.
862 2635 950 2724 285).

525 2753 590 2840 (26.
606 2754 684 2838 Aug.
704 2751 812 2838 1524).

131 2914 270 2981 Clemens
292 2913 451 2998 episcopus
473 2915 528 2981 eto
566 2913 615 2980 Ad
637 2915 815 2998 perpetuam
837 2912 882 2978 rei
903 2912 1091 2979 memoriam.
1129 2909 1214 2978 Solet
1228 2913 1292 2978 lto·

60 3029 129 3094 nuni
149 3030 301 3114 pontilicis
324 3029 476 3096 indelessa
499 3030 623 3096 solertis
644 3029 757 3096 trudito
777 3029 837 3094 sibi
859 3028 987 3113 desuper
1008 3027 1170 3112 potestatis
1191 3029 1292 3112 pleni·

61 3143 147 3210 tudine
168 3165 249 3211 nnnc
271 3164 325 3230 per
339 3145 548 3224 revocationis,
571 3165 652 3212 nunc
666 3165 736 3212 vero
758 3163 812 3229 per
833 3143 1037 3211 restitutionis
1059 3142 1194 3210 officium
1209 3143 1294 3209 iuxta

61 3277 144 3326 rerum
165 3262 196 3327 et
211 3263 392 3344 temporum,
415 3279 531 3327 necnon
547 3279 744 3346 personarum
760 3260 924 3345 qualitates
947 3261 978 3326 et
993 3259 1111 3340 moritu
1126 3260 1293 3344 opportune

62 3374 245 3461 diotone
276 3376 309 3443 in
338 3376 464 3443 alterius
493 3375 694 3461 preiudicium
724 3375 854 3442 tondunt
889 3373 1055 3442 revocando
1082 3374 1184 3442 minus
1213 3374 1293 3442 iuste

61 3487 160 3558 uiribus
181 3492 327 3558 euecuets
355 3510 430 3576 equo
461 3491 588 3558 rationis
618 3491 783 3558 libramine
813 3489 957 3558 restitnit
994 3489 1120 3556 Dudum
1142 3488 1293 3575 siquidem

61 3622 105 3685 pro
117 3609 197 3689 perte
211 3606 317 3673 dilecti
338 3607 396 3672 lilii
411 3605 605 3674 Nsscentorii
620 3607 657 3673 de
671 3606 881 3673 Nascentoriis
897 3605 972 3672 civis
988 3604 1190 3673 Bononiensis
1204 3602 1294 3672 nobis

62 3721 187 3802 exposito,
210 3722 290 3806 quod
313 3722 386 3788 licet
407 3722 473 3806 ipse
496 3724 527 3789 et
549 3723 774 3806 prodecessores
797 3721 846 3788 sni
868 3723 941 3788 tunc
963 3739 981 3787 s
1002 3721 1125 3788 centum
1147 3721 1179 3786 et
1201 3720 1292 3805 quin·

63 3835 190 3919 quaginta
212 3837 302 3904 annis
317 3837 394 3904 citra
415 3837 569 3904 domucem
591 3837 817 3904 condendorum
840 3837 988 3903 vitrorum
1002 3835 1174 3902 inusitate
1189 3836 1294 3902 nostre

63 3947 228 4019 &romensi
257 3952 436 4032 tenuissent,
466 3954 497 4018 et
518 3952 695 4020 exercitium
717 3952 794 4018 ertis
816 3951 964 4018 vitrorum
987 3951 1162 4017 huiusmodi
1183 3949 1292 4018 leudu-

64 4061 148 4132 bililer
175 4067 379 4135 exercuissent
410 4067 540 4147 ibidem,
572 4067 696 4152 ipseque
728 4066 947 4135 Nescontorius
978 4067 1052 4131 tuno
1083 4067 1232 4132 exerceret
1261 4065 1293 4132 in

64 4181 212 4250 nummum
240 4183 337 4250 totius
367 4183 471 4267 populi
500 4182 580 4249 dicte
602 4181 738 4249 ciuitatis
768 4182 962 4250 commodum
992 4183 1023 4247 et
1052 4180 1228 4261 utilitatem,
1257 4199 1293 4248 uc

64 4310 106 4374 pru
131 4297 235 4366 maiori
267 4298 404 4366 eiusdem
435 4297 539 4382 populi
570 4296 779 4364 sntisfmtione
810 4299 908 4364 artem
936 4296 1038 4380 ipsam
1066 4293 1233 4362 ferventius
1262 4295 1295 4362 et

63 4405 226 4481 leudubilins
249 4431 384 4481 exercere
407 4412 585 4493 intenderet¹
613 4415 716 4480 nmen
739 4412 834 4497 aliqui
864 4411 1027 4478 ambitiose
1051 4410 1216 4497 cupiditate
1240 4429 1292 4482 sou
