3192 4930
783 273 1005 346 ,pp-

266 465 466 536 conficiendae
489 467 570 553 apud
590 468 687 536 istum
710 471 917 555 praestantem
940 473 971 540 et
986 472 1119 540 nobilem
1141 473 1309 559 principem
1325 479 1381 543 est
1418 473 1499 558 Quam

265 602 370 666 pacem
395 583 423 648 si
443 603 504 650 non
519 584 601 650 Deus
624 586 712 651 nobis
728 588 759 651 et
781 607 882 653 rernm
897 589 1134 655 christianarum
1155 591 1321 657 necessitas
1337 591 1499 676 praebuerit,

266 699 369 764 omnia
391 700 543 766 cernimm
566 701 604 766 ad
627 704 795 768 extremum
810 703 970 768 interitum
992 705 1181 787 proruiture:
1204 706 1285 789 quod
1307 708 1361 774 ille
1384 709 1500 773 aremare

265 813 407 898 dignetur
422 815 507 880 cuiue
522 816 673 881 immensa
687 817 808 884 bonitas
817 819 1064 884 etmisericordia
1079 820 1216 887 omnium
1233 824 1373 888 noenum
1386 821 1500 906 pcccatis

265 933 313 996 est
336 931 478 1013 superior.
517 931 582 997 Nos
605 932 707 998 omnia
723 933 822 998 officia
837 935 942 999 nostra
957 936 1047 1019 atque
1070 935 1127 1000 hoc
1142 938 1322 1019 praesertim
1345 938 1428 1022 pacis
1442 957 1499 1020 pro-

265 1045 413 1112 curandae
443 1047 475 1111 in
504 1047 651 1112 memoria
681 1068 799 1131 semper
828 1049 964 1114 habituri
994 1067 1099 1116 sumus
1129 1053 1308 1135 gratamque
1340 1053 1398 1118 tibi
1427 1054 1500 1118 ineo
1587 1029 1588 1072 ¹

264 1161 453 1227 voluntatem
475 1164 613 1228 nostram
640 1163 798 1229 ostensmi.
844 1163 959 1229 Datum
982 1166 1097 1232 Romae
1119 1168 1174 1232 etc.
1205 1167 1253 1232 die
1282 1167 1353 1232 xvii
1378 1166 1501 1233 Januarii
1587 1261 1588 1274 ἵ

265 1275 385 1343 mdnxv.
429 1277 630 1343 Pontificatus
652 1297 731 1344 anno
756 1278 892 1345 secunde.

863 1513 915 1579 45.

680 1668 872 1728 Archiducl
895 1671 1071 1729 Austrlae.
1079 1662 1103 1748 1)

352 1819 469 1886 Dilecto
491 1820 546 1886 fili.
585 1819 661 1886 (ium
677 1841 712 1886 ea
728 1841 802 1905 quae
818 1822 855 1888 de
878 1821 1049 1889 nobilitatis
1067 1825 1135 1889 tuae
1160 1843 1280 1889 summa
1296 1824 1408 1892 virtuto
1422 1827 1501 1908 atquc
1587 1817 1588 1828 ’

262 1935 295 2000 in
317 1955 383 2001 rcm
406 1936 607 2001 christianam
634 1937 777 2021 pacisque
800 1939 953 2021 imprimis
985 1939 1121 2004 studium
1143 1939 1260 2022 optima
1282 1940 1436 2007 voluntate
1457 1941 1501 2004 dil.

262 2049 291 2116 fi.
315 2051 425 2116 Petrus
450 2049 653 2116 Salamancha
683 2053 738 2117 abs
761 2054 792 2118 te
814 2053 933 2118 rediens
963 2054 1052 2119 nobis
1082 2053 1271 2119 renunciavit
1293 2056 1417 2121 extitere
1438 2073 1501 2140 gre·

261 2165 399 2242 tissima;
428 2168 496 2231 tum
518 2185 588 2232 vero
618 2166 778 2246 cemimus,
802 2167 834 2232 id
857 2167 936 2252 quod
966 2169 1054 2234 nobis
1080 2187 1217 2234 summae
1240 2171 1287 2234 est
1310 2171 1504 2244 iucunditatis

260 2281 453 2347 nobilitatem
476 2283 562 2347 tuam
592 2282 624 2348 in
647 2283 731 2347 omni
753 2303 861 2367 genere
885 2285 1039 2350 actionum
1070 2284 1129 2350 sibi
1151 2285 1310 2368 aequalem
1340 2306 1455 2370 semper
1475 2290 1502 2347 et

260 2396 451 2462 constantem
474 2395 514 2461 ad
529 2397 638 2475 omnia,
662 2416 738 2480 quae
753 2417 866 2482 magno
884 2401 915 2464 et
931 2400 1067 2482 sapiente
1082 2400 1217 2483 principe
1233 2400 1327 2484 digna
1350 2403 1429 2478 sunt,
1443 2419 1501 2466 esse

259 2491 413 2595 paratam3
451 2531 557 2578 aarum
588 2514 689 2578 nullae
721 2515 751 2578 te
782 2533 889 2579 causae
923 2513 1123 2597 impedissent
1152 2515 1315 2597 quominus
1352 2519 1451 2599 aperte
1477 2517 1503 2577 a}

261 2627 375 2711 liquido
399 2647 504 2710 pacem
533 2627 677 2694 conticere
700 2629 859 2711 potuisses,
889 2629 973 2694 cuius
997 2629 1219 2712 componendae
1249 2650 1309 2696 non
1332 2632 1505 2697 mediocrem

261 2743 440 2809 facultatem
463 2744 572 2810 intua
594 2743 755 2809 nobilitata
778 2744 929 2809 cernimus
953 2763 1019 2809 esse
1043 2745 1215 2827 repositam.
1270 2744 1329 2810 Sed
1352 2749 1386 2811 ut
1408 2765 1461 2812 nos
1475 2743 1504 2807 id

261 2858 341 2943 quod
364 2877 525 2941 possumus
549 2862 579 2924 et
602 2859 722 2942 egimus
751 2858 879 2924 antehac
902 2861 934 2923 et
957 2879 1062 2924 sumus
1093 2860 1198 2936 acturi,
1229 2863 1405 2944 servatoque
1426 2879 1504 2925 com·

261 2975 364 3039 munis
388 2971 484 3057 patris
507 2976 538 3040 et
561 2974 634 3040 boni
647 2973 779 3057 pastoris
802 2973 901 3038 allicio
923 2993 1028 3056 pacem
1045 2993 1163 3057 semper
1185 2975 1356 3052 clamaturi,
1380 2975 1422 3040 sic
1436 2993 1505 3040 eau-

258 3075 332 3155 'dem
347 3089 541 3155 nobilitatem
557 3091 643 3154 tuam
658 3089 744 3154 enine
760 3087 792 3153 in
808 3088 939 3154 Domino
954 3089 1120 3168 hortamur,
1143 3091 1178 3155 ut
1194 3091 1293 3155 favere
1308 3090 1379 3155 huic
1393 3091 1505 3155 nostrae

261 3205 365 3270 tantm
388 3203 595 3283 sollicitudini,
625 3203 697 3270 huic
719 3205 823 3269 nostro
853 3203 950 3269 dolori
971 3203 1086 3270 mederi
1108 3223 1162 3289 pro
1186 3207 1239 3270 tua
1261 3209 1348 3288 parte
1371 3203 1451 3279 velis,
1473 3207 1506 3266 ut

261 3320 363 3406 aliqua
379 3319 540 3404 aliquando
563 3339 629 3404 pax,
647 3320 770 3386 omissis
788 3319 898 3385 studiis
914 3323 946 3384 et
960 3319 1203 3386 contentionibus
1218 3324 1284 3386 tam
1299 3320 1506 3406 pertinacibus

261 3436 300 3502 ad
316 3455 489 3520 supremam
505 3435 622 3501 cladem
645 3436 774 3501 miserae
789 3435 1024 3501 christianitatis
1047 3435 1311 3502 antevertendum
1333 3438 1387 3501 aut
1403 3435 1505 3500 saltem

263 3551 302 3618 ad
325 3551 447 3635 aliquod
478 3551 612 3634 spatium
635 3550 865 3635 prorogandam,
889 3551 1019 3616 inveniri
1048 3551 1154 3616 confici
1176 3551 1373 3635 concludique
1401 3549 1508 3634 possit:

261 3667 341 3752 quod
363 3686 418 3732 nos
433 3686 509 3750 opus
531 3667 718 3732 arbitramur
739 3668 770 3730 et
784 3667 838 3730 tua
861 3667 948 3731 tenta
964 3665 1076 3731 virtute
1097 3666 1229 3731 mammo
1251 3665 1381 3750 dignum
1402 3669 1432 3730 et
1446 3663 1507 3728 Deo

262 3783 464 3866 omnipotenti
486 3801 552 3848 esse
574 3781 686 3847 actore
708 3779 928 3866 gratissimum.
960 3781 1075 3846 Datum
1090 3781 1205 3846 Romae
1220 3783 1275 3846 etc.
1299 3779 1347 3844 die
1370 3781 1436 3845 xvii
1451 3777 1507 3842 Ja-

261 3898 360 3966 nuarii
383 3897 501 3966 mduv.
547 3899 636 3964 Anno
660 3896 798 3963 secundo.

354 4129 372 4194 ¹]
392 4134 550 4185 tardicordes
569 4131 680 4184 archidux
705 4137 758 4182 erat
775 4131 853 4182 aalma
871 4145 958 4194 pronae
980 4130 1004 4182 iu
1024 4127 1172 4192 Clementem,
1196 4129 1236 4183 scd
1255 4133 1325 4182 nimie
1347 4133 1440 4196 proprio
1457 4129 1508 4180 the-

260 4230 366 4282 nuntio
383 4235 486 4292 credens,
505 4235 544 4292 qui
560 4237 612 4282 erat
625 4234 815 4290 ,naturumeute
827 4235 916 4280 uemicc
929 4232 966 4280 dcl
979 4233 1040 4281 clerc
1048 4241 1065 4292 ¹,
1084 4237 1112 4282 ut
1124 4233 1240 4280 scribebat
1252 4246 1280 4280 ex
1292 4233 1389 4281 civitate
1401 4229 1508 4292 lnepruck

259 4330 298 4379 hie
316 4331 397 4380 diebus
414 4329 568 4388 Hieronymus
587 4331 706 4388 Bormiae,
729 4329 836 4378 nonnihil
858 4331 917 4378 male
936 4331 1098 4391 suspicabatur
1115 4331 1145 4378 de
1163 4330 1281 4389 Pontinos,
1300 4329 1439 4380 existimem
1454 4341 1505 4376 eam

260 4429 359 4490 mellae
377 4443 453 4488 recem
473 4429 595 4478 distulisse
613 4442 628 4475 a
646 4428 760 4477 societate
778 4441 887 4477 caesarea
904 4431 988 4478 contra
1005 4428 1094 4500 fidles.
