3258 4904
618 414 772 490 -46‘1
817 451 864 466 —

111 611 289 680 recordatur
311 610 344 680 in
366 611 490 680 civitate
505 611 667 680 Ravennae
690 613 723 680 in
744 613 870 680 ecclesia
890 609 1057 679 cathedrali
1080 609 1215 681 eiusdem
1230 611 1366 681 civitatis

111 729 181 808 fnit,
204 731 237 795 et
258 729 298 794 ad
319 749 442 812 presens
465 729 513 793 est
534 728 686 814 quoddam
716 728 886 795 archivium
907 727 1065 813 publicum
1087 729 1255 814 vulgaliter
1283 749 1363 796 nun-

111 845 260 928 cupatum
282 847 314 910 et
328 846 367 911 ab
382 845 525 910 omnibns
546 844 735 928 appellatum
749 844 774 909 il
788 837 955 928 cadilogio,
978 844 1011 909 in
1026 863 1084 928 qno
1099 845 1165 910 loco
1187 845 1219 910 et
1233 843 1367 912 archivio

113 959 284 1042 scripturae
306 959 511 1025 instrumenta
532 959 694 1044 privilegia
716 958 897 1025 documenta
918 960 1107 1026 monimenta
1128 961 1231 1026 bullae
1246 961 1367 1026 litterae

111 1074 300 1158 apostolicae
320 1075 529 1142 Romanorum
550 1074 728 1158 pontificum
752 1076 783 1140 et
805 1073 1081 1140 sacratissimorum
1103 1074 1322 1159 imperatorum
1337 1079 1368 1142 et

112 1209 232 1273 regum,
255 1189 442 1273 aliorumque
464 1190 637 1275 principum
658 1191 873 1275 presulumque
896 1189 1030 1256 civitatis
1052 1189 1189 1256 eiusdem
1211 1193 1368 1258 exarcatus

113 1305 215 1370 dictae
238 1303 374 1370 civitatis
395 1305 559 1371 Ravennae
581 1304 797 1389 antiquissima
826 1307 1042 1372 conservantur
1062 1305 1162 1372 literis
1185 1324 1246 1372 non
1269 1306 1368 1373 solum

112 1420 296 1504 vulgaribus
320 1419 373 1486 sed
387 1419 495 1485 latinis
509 1421 635 1504 gotticis
649 1421 845 1505 longobardis
869 1422 1039 1504 spectantia
1060 1423 1092 1486 et
1109 1421 1293 1505 pertinentia
1308 1440 1369 1488 non

113 1535 218 1600 solum
241 1534 281 1600 ad
303 1534 418 1602 dictam
440 1535 599 1602 ecclesiam
629 1535 835 1602 cathedralem
857 1534 956 1600 dictae
979 1535 1113 1602 civitatis
1137 1537 1190 1603 sed
1213 1537 1308 1602 etiam
1330 1535 1370 1602 ad

114 1651 358 1730 Bononiensem,
387 1651 609 1731 Mutinensem,
639 1651 837 1736 Regiensem
870 1651 1069 1718 Parmensem
1098 1653 1130 1718 et
1158 1651 1369 1719 Placentinam

115 1765 264 1831 hmiliam
288 1768 494 1851 nuncupatam
516 1785 633 1833 necnon
648 1766 687 1832 ad
701 1766 896 1846 Flaminiam,
920 1768 950 1832 et
965 1767 1157 1851 Pentapolim
1181 1767 1215 1833 in
1230 1767 1370 1834 exarcatu

114 1881 256 1948 eiusdem
279 1881 422 1960 civitatis,
452 1883 483 1948 et
504 1883 580 1948 haec
609 1883 751 1948 constant
773 1883 805 1948 et
834 1883 981 1967 apparent
1009 1883 1167 1967 palamst
1194 1883 1315 1967 publice
1336 1881 1370 1947 in

114 1997 198 2062 dicta
221 1997 357 2076 civitate,
380 1999 411 2063 et
426 1997 496 2062 aliis
511 1997 586 2063 locis
609 2017 662 2082 per
684 1997 824 2063 homines
847 1997 962 2064 edicto
983 1997 1118 2065 archivio
1142 2017 1195 2064 sen
1210 1997 1370 2083 cartilagio

113 2113 268 2178 habentes
290 2111 441 2178 notitiam.

206 2227 290 2292 Item
312 2227 389 2292 dixit
411 2227 491 2311 quod
504 2227 648 2312 predictis
665 2227 823 2312 scripturis
845 2229 988 2294 omnihus
1011 2229 1042 2294 et
1060 2229 1298 2315 quibuscumque
1320 2229 1370 2295 in·

114 2343 218 2409 ventis
241 2343 277 2408 in
291 2341 371 2408 dicto
387 2343 520 2410 archivio
544 2361 597 2410 seu
612 2343 771 2428 sortilegio
786 2345 876 2428 plena
897 2343 993 2410 immo
1008 2345 1188 2429 plenissima
1211 2344 1373 2411 adhibetur

114 2458 203 2538 fides,
227 2459 261 2524 et
276 2477 394 2542 semper
415 2476 451 2524 ac
465 2458 606 2525 continue
621 2456 760 2523 adhibita
782 2459 849 2537 arc,
873 2461 903 2524 ct
918 2459 958 2525 ad
972 2477 1096 2544 presens
1119 2459 1281 2525 adhibetur
1296 2459 1371 2526 fides

115 2575 183 2639 tam
207 2573 243 2638 in
266 2571 347 2638 dicta
370 2574 494 2640 civitate
522 2593 615 2659 quam
644 2574 738 2639 etiam
760 2574 793 2640 in
816 2575 955 2640 fflmana
984 2575 1068 2641 curia
1090 2576 1121 2641 el
1150 2575 1220 2641 ahis
1243 2575 1371 2659 quibus-

116 2707 251 2773 cumque
278 2689 354 2754 locis
384 2689 436 2755 ubi
458 2689 611 2774 contingit
638 2689 772 2773 prefatas
803 2689 969 2774 scripturas
997 2690 1159 2776 privilegia
1189 2691 1371 2776 apostolicas

115 2805 243 2870 litteras
258 2805 324 2870 tam
339 2804 545 2871 Romanomm
560 2803 739 2889 pontificum
755 2824 847 2889 quam
864 2805 1140 2872 sacratissimorum
1155 2806 1373 2891 imporatorum

117 2923 149 2986 et
172 2938 284 3004 regum
307 2919 437 2985 stelias
461 2920 626 3004 scripturas
650 2920 756 2986 eunde
778 2922 929 2987 extractas
958 2922 1127 3005 presentari
1151 2923 1182 2987 et
1204 2921 1319 3001 deduci
1343 2923 1375 2988 et

118 3036 177 3101 hoc
201 3033 263 3099 suit
284 3035 315 3099 et
337 3036 385 3100 cst
406 3053 512 3101 verum
534 3035 636 3119 palam
663 3037 820 3120 publicum
843 3039 875 3103 et
896 3037 1049 3104 nemrium
1078 3036 1159 3103 inter
1187 3055 1293 3104 omnes
1315 3037 1373 3102 ho-

118 3151 224 3216 mines
254 3147 352 3214 dictae
375 3149 509 3216 civitatis
539 3151 570 3216 et
591 3152 676 3217 extra
698 3151 735 3218 de
763 3151 898 3236 predicto
928 3151 1069 3230 archivio,
1099 3153 1131 3216 et
1157 3151 1294 3217 eiusdem
1316 3151 1376 3218 loci

118 3264 319 3333 observantia
340 3265 483 3331 notitiam
506 3266 661 3333 hahentes.

213 3381 296 3447 Item
318 3379 395 3445 dixit
417 3381 496 3464 quod
518 3381 710 3448 munimenta
731 3400 802 3447 vera
824 3383 856 3447 et
878 3381 1043 3465 scripturas
1066 3382 1215 3448 extractas
1238 3381 1275 3449 de
1297 3381 1377 3448 dicto

120 3495 261 3563 archivio
277 3514 383 3561 verum
397 3495 511 3562 librum
533 3497 727 3563 intitulatum
745 3495 870 3563 Cronica
885 3495 1044 3563 Ricohaldi
1066 3515 1142 3581 quae
1164 3497 1274 3580 incipit
1293 3497 1378 3562 intus

123 3613 228 3692 ‚liber
243 3611 414 3694 pomerium
429 3611 572 3677 ecclesias
588 3612 796 3678 Ravennatis“
812 3613 846 3677 in
862 3630 920 3695 quo
936 3611 1023 3677 adest
1037 3611 1205 3694 capitulum
1224 3612 1377 3696 sexagesi-

122 3745 213 3793 mum
231 3726 288 3791 snb
310 3725 430 3791 rubrica
445 3725 482 3791 de
503 3727 657 3793 Flaminia
679 3729 710 3793 et
731 3727 898 3811 capitulum
921 3727 1144 3811 sexagesimum
1166 3728 1300 3811 primum
1323 3728 1379 3793 suh

122 3841 251 3908 rubrica
265 3839 302 3906 de
317 3840 458 3921 Aemilio,
474 3842 505 3906 et
518 3841 632 3907 librum
643 3860 792 3926 magnum
805 3842 1001 3909 consiliorum
1020 3842 1216 3925 incipientem
1231 3843 1265 3908 in
1273 3842 1380 3926 quinta

122 3956 309 4024 membrana
320 3958 483 4040 „perpetuo
498 3957 675 4041 regnante“,
691 3957 845 4023 etmnllss
860 3957 938 4022 alias
954 3956 1118 4040 scripturas
1128 3959 1159 4022 et
1173 3957 1379 4040 hullasprivi-

123 4072 211 4158 legia
227 4071 369 4137 continue
385 4071 506 4138 stetisse
529 4072 562 4138 in
577 4071 658 4137 dicto
674 4071 807 4138 archivio
822 4073 854 4138 et
867 4071 912 4137 ibi
927 4089 945 4136 a
960 4074 1103 4156 tempore,
1126 4091 1185 4156 qno
1199 4072 1264 4156 ipse
1279 4089 1379 4138 recor·

125 4189 221 4255 datur
244 4187 340 4254 fuisse
369 4189 487 4271 reperta
516 4188 547 4255 et
568 4189 613 4254 ibi
636 4188 758 4254 stetisse
788 4207 883 4273 usque
905 4187 938 4253 in
960 4189 1130 4270 presentem
1161 4186 1242 4254 diem
1271 4189 1382 4273 quibus

126 4305 206 4370 fides
228 4303 404 4370 indubitata
419 4303 579 4369 adhibetur
601 4305 632 4369 et
648 4323 766 4386 semper
788 4301 928 4369 adhibita
942 4302 1002 4368 fuit
1023 4303 1055 4368 in
1071 4303 1213 4368 omnibus
1235 4303 1310 4369 locis
1329 4303 1382 4369 ubi

126 4419 283 4504 contingit
312 4418 381 4502 ipsa
403 4419 570 4503 presentari
596 4420 661 4484 tam
683 4415 721 4484 in'
740 4418 822 4484 dicta
844 4418 976 4496 civitate,
1006 4437 1097 4502 quam
1125 4417 1220 4483 etiam
1248 4417 1281 4483 in
1311 4418 1381 4483 aliis

126 4535 215 4620 locis,
238 4537 269 4602 et
291 4533 462 4620 peripsum
485 4535 596 4601 testem
611 4533 774 4601 testificata
790 4534 894 4600 omnia
916 4535 947 4600 et
963 4533 1085 4618 singula
1108 4531 1237 4615 inerunt
1260 4535 1291 4600 et
1310 4533 1382 4638 sunt

351 4640 355 4648 ’
1161 4641 1222 4712 30*
