3132 4910
557 312 801 382 -351-

66 513 179 593 tierent
201 505 280 580 illud
304 507 407 579 solatii
429 507 594 578 habuimus
616 511 696 596 quod
719 529 879 596 syncerum
902 507 1112 597 optimumque
1137 533 1159 578 s.
1180 528 1206 578 v.
1230 527 1303 596 erga

65 649 109 695 nos
130 629 268 696 animum
291 630 381 712 atque
404 646 539 695 amorem
554 628 723 712 perspicere
739 627 797 694 visi
821 647 936 708 sumus,
959 647 1036 712 quae
1050 628 1170 713 praeter
1184 629 1304 696 caetera

64 747 138 811 tmta
158 744 386 812 benevolentiae
416 763 488 830 erge
511 761 567 811 uos
590 743 814 828 signifieatione
843 744 956 830 scripta
979 745 1059 810 nihil
1088 746 1127 811 ab
1150 744 1303 829 aequitate

64 863 89 925 et
106 861 225 928 iusticia
240 861 375 927 alienum
391 860 427 926 de
450 859 539 926 nobie
554 859 673 928 eredere
697 879 729 927 ae
744 879 832 944 posse
847 860 968 940 fatetur,
991 880 1027 927 so
1041 861 1123 927 tanti
1137 881 1194 927 nos
1210 860 1303 926 faeiat

63 979 92 1040 ut
110 975 188 1042 dieat
218 995 251 1044 se
281 995 401 1042 summe
428 976 599 1042 desiderare
629 977 720 1042 utin
747 975 835 1042 nobis
866 976 988 1042 unicam
1018 996 1103 1061 spem
1133 976 1245 1062 quietis
1273 978 1304 1042 et

63 1091 212 1176 dignitatis
236 1111 308 1158 suae
331 1091 473 1168 oollooet;
496 1111 573 1175 quae
595 1092 728 1176 profesto
750 1093 842 1158 verba
870 1092 950 1159 tanti
973 1092 1054 1177 apud
1076 1112 1132 1160 nos
1155 1092 1303 1160 momenti

63 1207 133 1274 fuere
156 1210 192 1274 ut
213 1207 365 1274 fateamur
387 1208 420 1273 id
441 1207 558 1274 fautum
580 1207 660 1292 quod
683 1227 840 1293 nunquam
863 1208 997 1275 aooidere
1010 1227 1107 1294 posse
1130 1208 1302 1275 arbitraba-

64 1342 122 1389 mm
143 1326 177 1390 ut
191 1323 308 1409 aliquid
325 1324 446 1390 nostrae
469 1323 614 1390 adversus
636 1343 704 1392 eam
727 1324 836 1408 pietati
858 1325 889 1390 et
903 1325 1114 1392 observantiae
1129 1325 1304 1401 adderetur;

63 1439 137 1506 errius
158 1439 315 1525 augendae
337 1440 441 1507 nullus
464 1439 587 1506 omniuo
615 1439 749 1522 amplius
772 1441 856 1506 loeus
878 1439 1007 1507 existere
1020 1440 1197 1507 videbatur.
1244 1439 1304 1506 Sed

64 1555 133 1638 qnod
153 1556 192 1622 ad
214 1555 321 1622 faedus
351 1556 464 1622 attinet
485 1555 591 1639 pauois
620 1573 710 1641 agere
732 1557 882 1623 volumus.
927 1555 1011 1622 Nam
1040 1576 1135 1641 quum
1156 1555 1194 1622 de
1215 1556 1304 1623 nobis

63 1689 93 1736 ea
113 1673 223 1770 sentiat
246 1692 269 1738 s.
286 1692 313 1738 v.
329 1690 407 1756 quae
428 1672 538 1738 merito
552 1673 654 1756 potest
675 1675 711 1739 ut
733 1675 764 1740 et
777 1672 851 1739 fidei
865 1674 1016 1742 amatores
1038 1673 1070 1738 et
1084 1672 1305 1757 promissorum

63 1788 171 1854 tenaees
192 1807 250 1855 nos
272 1786 435 1867 existimet
457 1791 586 1854 nonest
608 1807 700 1874 quare
721 1789 753 1856 in
776 1808 845 1856 eam
868 1788 1051 1856 sententiam
1066 1788 1205 1873 pluribus
1228 1806 1304 1874 aga-

64 1922 139 1981 mus;
161 1904 218 1970 sud
241 1903 320 1970 illud
335 1903 463 1970 minime
485 1905 580 1972 latero
595 1904 736 1971 volumus
761 1925 784 1971 s.
801 1924 827 1970 v.
850 1924 906 1971 uos
923 1904 1040 1971 scilieet
1062 1904 1162 1989 capita
1178 1921 1304 1988 eaquae

63 2021 138 2086 extra
158 2020 264 2088 faedus
287 2018 467 2086 oonoordata
497 2022 585 2086 eraut
607 2021 734 2104 probare
764 2039 799 2088 eo
822 2022 959 2106 tempore
988 2037 1046 2105 quo
1068 2020 1175 2102 faedus
1203 2019 1306 2104 ipsum

65 2137 242 2222 suscepimus
258 2135 408 2202 noluisse:
431 2155 469 2202 ue
485 2135 559 2202 dum
574 2136 684 2203 Italiae
705 2136 859 2221 impn'mis
875 2137 1009 2222 quietem
1025 2137 1114 2220 atque
1129 2133 1306 2220 tranquilli·

63 2251 149 2319 utem
171 2271 205 2318 eo
228 2269 370 2336 percusso
393 2250 511 2318 taedme
534 2271 637 2318 curare
654 2252 800 2332 videmur,
823 2252 923 2318 maius
938 2251 1061 2337 aliquod
1084 2251 1202 2317 malum
1224 2249 1305 2316 erei-

64 2366 203 2444 tsremns3
225 2367 307 2452 quod
322 2367 445 2452 quidem
468 2369 499 2434 et
521 2387 555 2435 eo
570 2368 696 2434 liberius
719 2387 737 2433 a
760 2369 848 2435 nobis
870 2368 937 2435 fiori
950 2387 1040 2452 posse
1062 2366 1305 2433 existimavimus

64 2501 115 2564 quo
136 2483 245 2551 melius
274 2482 352 2549 forte
375 2502 468 2568 quam
491 2484 546 2549 alii
575 2485 691 2550 statum
714 2503 815 2550 rerum
844 2483 1101 2569 intelligebamus.
1146 2481 1306 2550 Caeterum

64 2617 148 2680 quum
167 2597 342 2683 propediem
366 2599 447 2683 apud
469 2619 524 2665 nos
546 2598 667 2666 futurus
692 2598 733 2664 sit
755 2599 1019 2668 reverentissimus
1044 2619 1067 2666 s.
1083 2619 1110 2666 v.
1133 2599 1256 2683 legatus
1271 2598 1307 2662 ut

64 2730 118 2778 non
130 2733 267 2780 veremur
290 2713 432 2780 derebus
455 2715 597 2782 omnibus
613 2715 750 2800 apprime
772 2715 940 2782 instructus
963 2735 999 2782 ao
1014 2735 1084 2781 oum
1103 2712 1306 2798 amplissimis

67 2829 219 2909 mandatis,
243 2849 402 2914 speramus
424 2830 470 2896 ita
492 2849 562 2896 oum
584 2849 618 2896 eo
641 2833 782 2916 agerent
803 2832 834 2898 et
857 2851 880 2898 s.
900 2851 927 2898 v.
951 2830 1099 2898 desiderio
1122 2828 1254 2896 satisfiat
1277 2830 1308 2894 et

65 2962 156 3011 rerum
176 2946 397 3031 tranquillitati
418 2945 498 3030 quod
520 2946 623 3030 ipsum
647 2965 708 3014 non
731 2947 835 3014 minus
857 2947 946 3014 nobie
969 2965 1148 3031 persuasum
1171 2947 1307 3012 estesse

64 3058 181 3128 iuvetis
196 3081 219 3128 s.
236 3081 263 3128 v.
277 3080 373 3146 quam
395 3062 481 3128 uliud
495 3061 623 3146 quodvis
646 3063 712 3129 eius
726 3062 881 3146 privatum
904 3063 1105 3130 commodum
1134 3063 1181 3128 De
1196 3061 1307 3146 quibus

64 3177 149 3244 etiam
170 3177 313 3246 omnibus
336 3177 558 3244 committimus
582 3178 766 3263 vicegeronti
788 3180 892 3246 nostro
916 3179 960 3245 ill.
984 3179 1058 3245 duoe
1082 3176 1210 3244 Suessae
1232 3179 1268 3243 ut
1283 3197 1307 3243 e.

66 3311 89 3358 v.
109 3295 180 3362 bene
201 3294 334 3373 edoceat,
362 3294 412 3360 oui
433 3293 526 3361 tidem
548 3295 659 3363 habere
688 3294 866 3381 dignabitur
890 3348 896 3363 .
919 3347 927 3362 .
951 3348 958 3362 .
981 3296 1098 3360 Datum
1127 3292 1306 3372 incivitate

65 3411 159 3476 noenu
179 3410 281 3480 Toleti
303 3409 352 3476 die
374 3410 533 3477 undeoimo
554 3411 690 3497 Augusti
712 3431 792 3480 anno
814 3411 940 3480 Domini
964 3410 1082 3480 mdxxv.
1128 3410 1305 3494 Regnorum

66 3525 227 3594 nostrornm
249 3526 383 3594 Romani
405 3527 536 3611 septimo
558 3529 590 3594 et
611 3527 741 3623 aliomm
764 3528 889 3596 deoimo.
1011 3527 1051 3594 sl
1072 3525 1147 3612 Ray.

1013 3643 1070 3712 Pu
1092 3641 1210 3710 Nioola.

648 3861 723 3929 267.

307 4000 447 4060 villiers
469 3999 516 4061 de
538 3995 633 4060 l’Yle
655 4001 774 4062 Adam
797 3998 969 4061 Clementi
992 3999 1065 4060 VII.

497 4110 584 4199 (Litt
599 4111 694 4196 prino
709 4111 766 4180 III.
783 4111 873 4198 243).

542 4227 607 4313 (28.
623 4228 703 4312 Aug.
721 4226 831 4314 1525).

148 4341 207 4409 Del
227 4344 420 4412 oomendator
442 4344 481 4411 de
495 4344 701 4410 Frinohetalla
723 4345 835 4411 havera
854 4342 952 4409 inleso
974 4342 1005 4408 la
1028 4361 1052 4409 s.
1069 4359 1094 4407 v.
1110 4339 1135 4407 il
1150 4357 1309 4426 progresso
1387 4364 1388 4373 ¹
