3192 4930
783 319 1007 384 ..44-

267 513 451 596 apestelicae
480 512 648 597 angustiis,
679 513 738 578 etsi
766 513 830 577 iarn
860 511 1120 578 destinaveramus
1149 513 1260 590 animo,
1290 532 1348 596 quc
1369 513 1419 578 illa
1437 531 1493 577 mu·

267 629 411 695 vertenda
434 629 545 706 essent,
568 647 623 693 nec
638 629 741 694 tamen
765 628 804 693 ad
826 627 977 712 privatam
999 627 1096 693 ullam
1117 627 1285 694 utilitatem
1300 631 1436 708 nostram,
1455 625 1495 691 sel

151 795 155 800 .
268 744 306 809 ad
336 763 529 810 communem
562 743 745 810 christianae
775 744 847 826 reip.
879 743 1025 808 salutem:
1054 743 1158 808 tamen
1187 744 1276 810 lectis
1306 743 1414 809 litteris
1439 743 1496 818 uis,

266 860 376 943 quibus
399 861 464 924 inre
479 858 700 943 quedammodo
723 877 758 924 ea
774 858 813 923 ad
834 861 866 923 te
887 858 1037 942 pertinere
1060 857 1205 938 affirmas,
1228 859 1285 924 boc
1308 879 1363 925 nec
1383 859 1436 924 tibi
1453 877 1496 922 nec

265 974 407 1058 cuiquam
430 993 541 1058 negare
556 973 619 1039 ulle
642 973 731 1039 mode
747 992 918 1058 possumus,
942 971 1015 1056 quin
1030 973 1111 1057 qnod
1133 992 1222 1038 suurn
1237 976 1293 1054 est,
1316 974 1420 1058 cuique
1439 971 1496 1038 ret·

265 1089 362 1155 datur.
408 1089 490 1154 Tuae
506 1108 575 1155 vere
598 1088 751 1154 devotimri
774 1088 868 1154 etiam
886 1087 1090 1153 libentissime
1105 1087 1278 1167 deferimus,
1304 1091 1339 1154 ut
1360 1089 1416 1154 tibi
1429 1089 1497 1172 grate

264 1205 424 1284 tribuatur,
448 1205 527 1288 qued
549 1205 614 1270 iure
637 1206 685 1269 est
700 1206 797 1281 tuum,
820 1223 890 1268 eum
913 1204 1006 1268 etiarn
1030 1203 1058 1268 si
1072 1223 1108 1268 ea
1130 1205 1209 1269 bena
1228 1203 1267 1270 ad
1289 1223 1345 1271 uos
1361 1207 1392 1269 et
1409 1202 1498 1270 Salem

264 1321 462 1403 apostolicam
492 1319 556 1386 iure
586 1321 617 1384 et
646 1339 729 1384 more
759 1319 939 1401 pertineant
971 1319 1067 1384 simus
1089 1317 1285 1384 liberalitatis
1316 1321 1434 1385 nostrae
1452 1316 1499 1382 tibi

263 1434 376 1500 indicia
399 1434 508 1514 daturi,
532 1455 566 1500 aa
589 1434 713 1500 virtutis
736 1435 807 1499 tuae
828 1453 889 1498 non
911 1453 1036 1516 parvam
1059 1434 1208 1499 rationem
1231 1432 1375 1499 habituri
1413 1433 1499 1516 Neque

264 1551 311 1616 cst
334 1569 425 1614 causa
440 1551 637 1632 quemobrem
652 1549 830 1614 carissimus
845 1550 878 1614 in
893 1547 1014 1614 Christe
1029 1547 1112 1614 fflius
1127 1551 1230 1614 noster
1245 1547 1356 1614 Caesar
1374 1569 1407 1614 se
1419 1549 1499 1613 inter·

263 1669 365 1749 pcnat
388 1665 549 1749 quominus
565 1665 599 1730 tu
621 1665 755 1730 indebite
771 1664 902 1740 aereum
926 1664 954 1729 si
969 1663 1052 1730 anim
1070 1664 1128 1729 tibi
1143 1663 1260 1748 aliquid
1273 1663 1361 1730 fieret
1383 1663 1500 1736 muriae,

263 1799 332 1847 eam
354 1799 410 1846 nos
432 1797 558 1865 gravem
581 1781 669 1846 nubis
691 1781 812 1846 illatam
827 1779 972 1846 iniuriam
995 1799 1131 1845 essemus
1154 1779 1367 1875 existimaturi
1407 1775 1459 1845 Sed
1472 1775 1500 1840 le

262 1895 374 1962 iniuria
396 1896 476 1962 nibil
498 1898 554 1974 est
578 1895 775 1980 quamebrem
799 1897 853 1960 aut
875 1896 908 1959 tu
931 1896 1060 1972 metuas,
1083 1896 1137 1960 aut
1151 1913 1207 1960 nes
1230 1894 1410 1978 cogitemus.
1431 1889 1499 1958 Illud

262 2011 342 2096 qnod
364 2011 549 2096 aequissime
572 2014 604 2077 et
625 2011 741 2095 optimo
764 2011 830 2076 iure
851 2009 1045 2076 tractandum
1068 2009 1162 2074 iniis
1186 2010 1273 2075 benis
1298 2011 1399 2089 fuerit
1421 2009 1455 2075 de
1475 2025 1502 2070 ee
1589 2011 1590 2052 i

262 2128 424 2193 scribimus
454 2126 492 2191 ad
521 2127 667 2192 nuncium
697 2128 845 2203 uostmm‚
875 2123 1023 2208 quomedo
1052 2143 1156 2208 gerere
1185 2143 1259 2202 rem,
1289 2127 1321 2192 ct
1348 2125 1502 2210 musigere
1589 2131 1590 2164 ¹

261 2243 360 2308 tubum
383 2243 440 2309 hoe
462 2243 623 2327 negocium
646 2240 762 2319 debeat,
793 2241 830 2306 in
849 2258 906 2324 quo
930 2241 958 2305 si
980 2241 1039 2305 erit
1061 2240 1240 2306 liberalitati
1269 2243 1391 2306 nestrae
1419 2243 1499 2312 lacus,
1589 2243 1590 2284 l

262 2357 418 2440 intelliget
447 2355 566 2422 devotio
599 2360 652 2421 tua
682 2376 700 2421 a
731 2356 820 2422 nobis
850 2357 881 2421 et
911 2353 998 2421 Sedis
1031 2355 1213 2439 apostolicae
1242 2357 1274 2420 et
1302 2355 1451 2422 commodi
1474 2371 1502 2416 ac
1589 2357 1590 2398 ³

262 2472 385 2538 honeris
407 2472 454 2537 tui
470 2490 537 2538 earn
561 2490 653 2555 quam
675 2472 816 2537 convenit
831 2471 969 2536 habitam
985 2491 1052 2537 esee
1067 2472 1224 2537 rationem
1270 2472 1385 2536 Datum
1401 2472 1503 2538 Rerum
1589 2468 1590 2514 ἕ
