3132 4910
786 253 1030 321 -312-

282 447 403 533 agimus
425 447 543 532 gratias
565 467 589 514 e.
605 469 632 514 u.
649 467 673 515 s.
688 469 742 532 pro
765 451 830 515 tem
853 449 902 532 pio
926 467 980 515 suo
1002 447 1036 514 in
1051 467 1106 516 nos
1129 449 1239 516 affectu
1261 450 1412 535 tantisque
1430 449 1498 514 bene

284 563 362 630 ficiis
391 565 423 630 et
453 582 575 630 summa
606 564 754 631 charitate
786 564 870 630 breui
898 564 1120 649 gratitudinem
1150 567 1287 632 nostram
1309 586 1341 632 re
1363 568 1394 632 et
1422 565 1499 632 eleb

284 679 486 756 monstratum
510 699 568 764 que
591 679 618 745 si
633 680 734 746 tenuis
749 699 784 746 ac
802 680 922 746 modica
936 680 1013 747 forte
1028 680 1189 762 uidebitur,
1211 683 1251 748 ab
1266 701 1378 767 magno
1399 681 1501 766 proiecto

283 796 437 880 liberoque
451 795 554 862 anime
570 815 605 862 ec
619 796 652 862 in
667 814 789 863 omnem
805 797 982 864 felicitatem
997 798 1030 864 et
1045 797 1263 864 subiectionem
1286 797 1501 864 eomtanduine

281 911 438 977 inflamato
461 913 509 976 est
530 911 672 996 profecta,
702 915 893 997 preterquam
916 913 1017 979 omnis
1039 915 1105 980 etas
1128 915 1232 980 nostra
1255 915 1347 998 atque
1369 913 1501 998 posteritas

283 1046 337 1111 pro
352 1026 435 1094 felici
449 1027 650 1112 dintumaque
666 1027 892 1095 conservatione
913 1047 938 1094 e.
955 1048 982 1094 u.
999 1048 1022 1095 s.
1038 1048 1141 1113 preces
1157 1031 1192 1094 ut
1206 1047 1262 1114 par
1283 1031 1332 1094 ost
1347 1029 1502 1095 inceacuter

283 1142 416 1209 effundet
439 1144 470 1210 et
492 1142 592 1208 Deum
615 1144 783 1209 maximum
806 1143 859 1228 qui
881 1143 978 1211 facere
1001 1143 1145 1230 dignetur
1167 1147 1202 1210 ut
1223 1145 1312 1210 illem
1335 1143 1369 1212 in
1390 1145 1441 1210 isb
1459 1144 1501 1208 tri·

283 1259 520 1352 umpbatissimo
543 1259 625 1325 orbis
641 1261 719 1326 terre
743 1259 824 1325 soleo
847 1259 1022 1326 diutissime
1037 1259 1212 1326 diutissime
1233 1261 1386 1344 possimus
1401 1258 1503 1335 alona,

284 1373 370 1441 cuius
392 1373 581 1441 beatissimis
611 1374 739 1459 pedibus
762 1394 816 1443 nos
846 1374 989 1441 contiuno
1018 1375 1194 1443 humillime
1222 1375 1437 1443 comendamus
1472 1374 1503 1438 lis

283 1492 385 1556 uestra
406 1489 529 1556 ciuitate
552 1489 739 1574 Carpentorii
761 1488 810 1556 die
832 1489 890 1556 rui.
913 1489 1091 1557 Decembris
1114 1491 1243 1557 mdxxiv.

1021 1607 1156 1673 Humilis
1179 1606 1295 1673 subditi
1316 1609 1495 1692 procuratores

1125 1723 1429 1805 patrieoomitabuset

1109 1836 1257 1904 Consules
1281 1837 1446 1922 Carpentor.

877 2098 951 2164 235.

657 2259 811 2323 Carolus
834 2261 873 2320 V.
895 2259 1069 2321 Clementi
1092 2262 1165 2321 v11.

739 2371 825 2458 (litt.
842 2371 935 2454 princ.
952 2371 992 2436 II.
1008 2369 1098 2456 396).

776 2487 841 2574 (18.
858 2488 928 2553 Dec.
949 2485 1057 2572 1524).

380 2647 565 2713 Beatissimo
586 2648 673 2730 puter
696 2649 751 2714 eto.
781 2647 964 2714 Venientem
987 2646 1025 2712 ad
1048 2665 1104 2713 uos
1120 2649 1325 2715 uenerabilem
1340 2646 1514 2731 archiepisco

291 2782 365 2846 pum
388 2763 564 2847 Capuanum
588 2781 622 2828 eo
644 2762 747 2829 animo
777 2763 867 2848 atque
889 2763 1045 2829 uoluntate
1075 2763 1248 2846 excepimus
1272 2783 1332 2850 qua
1353 2763 1453 2829 merito
1474 2759 1514 2825 do

291 2879 439 2944 babemus
469 2879 590 2943 tautum
620 2877 720 2944 uirum
743 2879 774 2943 et
796 2897 814 2943 a
838 2899 861 2944 s.
885 2899 912 2944 v.
936 2877 973 2944 de
1002 2878 1099 2946 tanda
1128 2880 1219 2945 rebus
1250 2879 1288 2945 ad
1312 2899 1365 2946 nos
1392 2878 1516 2945 missum

292 3012 426 3078 quaeque
448 2993 528 3058 inter
550 3012 606 3060 nos
629 2993 739 3059 collata
762 2995 843 3073 sunt,
865 2993 1009 3078 quoniam
1032 2993 1171 3077 pluribus
1193 3015 1228 3061 er
1251 2995 1357 3063 eodem
1378 2991 1517 3076 intelliget

292 3108 360 3175 ideo
382 3126 443 3174 non
466 3109 580 3175 erimus
602 3108 652 3174 bis
675 3109 788 3176 uostris
811 3107 995 3193 prolixiores.
1036 3109 1165 3176 Interim
1188 3111 1292 3176 autom
1315 3111 1386 3177 dum
1407 3109 1442 3176 de
1462 3123 1517 3192 pace

294 3226 347 3291 aut
370 3224 501 3292 induciis
517 3224 620 3312 agiturr
642 3243 699 3309 que
713 3242 775 3291 non
797 3245 832 3291 ex
848 3226 951 3292 nostro
975 3226 1096 3291 tantum
1120 3244 1268 3292 consensu
1282 3224 1453 3310 dependent,
1473 3221 1517 3287 du·

294 3341 421 3425 biusque
437 3341 535 3407 adbuc
549 3341 673 3407 illorum
696 3339 858 3421 attonitus,
881 3359 977 3424 neque
992 3340 1068 3406 certi
1082 3359 1148 3406 esse
1163 3341 1318 3424 possimus
1333 3361 1373 3408 au
1386 3340 1520 3422 utrimque

295 3459 434 3523 nostrum
449 3456 558 3524 officiis
581 3457 620 3522 ab
643 3457 714 3522 aliis
729 3456 958 3540 respondeatur:
984 3475 1045 3523 non
1067 3454 1208 3522 uidentur
1230 3457 1397 3543 spernenda
1416 3453 1520 3522 interm

295 3591 330 3639 ea
353 3591 410 3656 que
432 3571 471 3638 ad
494 3591 685 3639 communem
708 3571 967 3638 conseruationem
990 3571 1157 3656 pertinent:
1179 3589 1234 3657 pro
1256 3591 1317 3656 qua
1339 3566 1521 3658 quantumst

295 3708 350 3755 nos
373 3687 485 3754 attinet
507 3687 586 3754 nibil
608 3687 834 3772 pretermissum
857 3707 971 3768 surmus,
995 3689 1151 3772 sperantes
1168 3706 1190 3753 s.
1207 3707 1234 3753 v.
1258 3706 1318 3754 uon
1333 3688 1432 3754 minus
1445 3684 1522 3752 mm

296 3803 450 3870 communi
481 3803 574 3870 saluti
603 3804 826 3881 consulturam3
856 3805 946 3888 prout
976 3803 1070 3870 etiam
1100 3801 1225 3869 uberius
1248 3821 1266 3868 a
1288 3803 1400 3869 nostris
1428 3799 1522 3868 ibidem

296 3919 458 4004 agentibus
482 3939 508 3984 v.
532 3937 555 3984 s.
580 3917 743 4003 intelliget,
774 3919 884 4003 quibus
908 3918 1003 3985 etiam
1033 3917 1180 3984 nonnulla
1209 3918 1272 3984 alia
1295 3939 1319 3984 s.
1342 3937 1368 3984 v.
1391 3911 1522 3986 referenda

296 4033 532 4101 commissimus.
570 4035 685 4100 Datum
708 4053 744 4099 en
767 4033 876 4118 oppido
898 4034 1002 4100 nostro
1018 4031 1159 4099 Madritti
1181 4031 1230 4098 die
1253 4033 1335 4100 xviii
1350 4032 1460 4100 mensis
1474 4031 1521 4095 Dc·

296 4149 435 4217 cambris.
480 4150 569 4216 duno
597 4149 729 4215 Domino
760 4147 882 4214 nrdxxiu
910 4166 1073 4233 regnorum
1100 4149 1274 4217 nostrorum
1304 4148 1433 4216 Romani
1459 4145 1524 4212 conc

297 4266 426 4334 aliomm
448 4284 518 4333 uero
541 4283 628 4332 nono.

386 4377 511 4445 Carolus
535 4381 590 4446 etc.
