3132 4910
577 315 817 384 ..347-

84 513 194 580 civitate
215 511 316 580 toleti
338 511 387 578 die
410 531 455 578 rr.
471 511 586 578 mensis
609 511 686 578 Maii
708 529 788 577 anno
810 507 938 576 Domini
951 508 1063 575 mdrrv
1084 524 1247 591 regnorum
1265 525 1322 572 no-

85 631 204 696 strorum
225 629 358 696 Romani
380 629 464 695 sexto
487 630 518 694 et
540 627 670 695 aliorum
692 626 817 694 decimo.

161 744 285 814 Carolus
308 747 365 813 cte.
1038 741 1094 808 Ph.
1117 737 1234 807 Nicoln.

662 943 736 1011 263.

442 1083 595 1146 Carolus
618 1085 660 1144 v.
683 1082 856 1143 Clementi
874 1081 948 1142 vll.

512 1193 599 1282 (Litt.
614 1195 709 1279 princ.
724 1195 780 1260 III.
800 1191 887 1279 156).

562 1311 606 1399 (8.
621 1311 709 1379 Junii
726 1309 836 1398 1525).

159 1448 225 1513 Etsi
248 1467 310 1514 non
332 1447 508 1532 ignoremus
530 1447 658 1514 consilia
681 1449 712 1514 ot
734 1447 868 1513 actiones
883 1445 1004 1512 nostras
1027 1463 1088 1511 non
1102 1445 1152 1511 his
1175 1443 1322 1528 tempori-

82 1565 130 1630 bus
160 1565 260 1632 solum
290 1563 343 1631 sed
364 1566 411 1629 'ab
434 1583 469 1630 eo
498 1567 634 1649 tompore
663 1583 721 1648 quc
744 1564 802 1630 Dei
832 1562 941 1648 optimi
971 1581 1091 1630 summa
1120 1563 1152 1628 ct
1174 1561 1325 1646 singulari

80 1681 229 1748 clementia
252 1683 284 1748 et
299 1680 489 1766 benignitate
512 1680 552 1746 ad
566 1682 723 1748 tantomm
745 1699 908 1765 regnorum
923 1679 1129 1765 gubernacula
1150 1678 1249 1745 vocati
1269 1695 1322 1744 su-

80 1799 246 1878 nossetis
269 1799 358 1864 notas
381 1799 413 1864 at
434 1797 604 1881 exploratas
628 1816 651 1863 s.
667 1817 694 1863 v.
717 1797 821 1878 trisse,
845 1797 954 1881 quibus
978 1795 1055 1862 satis
1077 1795 1216 1862 constare
1237 1793 1322 1860 arbi-

80 1917 184 1981 tunm
205 1933 262 1981 nos
285 1914 365 1981 nihil
387 1931 522 1999 unquam
545 1915 645 2000 magia
669 1916 831 1999 spectasse,
861 1913 969 1981 maiori
993 1913 1111 1981 nullam
1133 1933 1198 1979 rem
1222 1911 1323 1979 studio

79 2049 242 2112 procurasse
265 2050 359 2115 qnam
380 2049 487 2115 pacem
510 2030 728 2116 christianique
757 2030 878 2116 imperii
900 2029 1157 2115 tranquillitatem
1179 2029 1210 2096 et
1232 2028 1321 2095 deco·

79 2166 143 2225 mm,
165 2149 192 2213 si
214 2146 332 2232 aliquid
354 2146 505 2213 eiusmodi
520 2148 627 2213 volunt
649 2149 697 2213 tot
718 2149 840 2214 nostrae
863 2147 896 2214 in
918 2147 1086 2232 Aphricam
1108 2145 1322 2231 expeditiones,

79 2263 118 2327 tot
137 2263 301 2330 instructae
330 2264 443 2329 classes
472 2281 526 2347 pro
557 2261 672 2328 Christi
690 2262 824 2330 nomina
854 2281 889 2328 ac
911 2262 1001 2329 initio
1029 2263 1116 2348 regni
1144 2262 1242 2329 nostri
1263 2279 1321 2346 pax

79 2378 148 2445 inter
162 2380 346 2446 christianos
361 2379 517 2456 stabilita;
532 2381 669 2446 attamen
684 2397 745 2446 non
760 2380 918 2464 ingratum
932 2379 991 2445 luit
1006 2379 1108 2464 legere
1123 2398 1147 2446 s.
1157 2399 1184 2445 n.
1200 2378 1321 2444 litteras

78 2493 155 2560 datas
177 2495 225 2562 die
248 2495 379 2579 septimo
409 2495 539 2580 proximi
564 2495 680 2561 mensis
703 2494 788 2575 Maii,
816 2513 878 2562 non
901 2494 1015 2561 summi
1042 2495 1142 2560 solum
1164 2513 1237 2580 erga
1265 2513 1321 2561 nos

80 2611 180 2678 amoris
201 2613 318 2696 plenas,
341 2611 393 2677 sed
416 2631 554 2679 summac
577 2613 744 2696 sapientiae
766 2613 798 2678 et
819 2612 960 2696 pietatis;
984 2612 1094 2696 quibus
1117 2611 1192 2678 dum
1213 2629 1320 2696 paoem

80 2727 175 2794 suadet
195 2731 276 2795 certe
298 2729 387 2794 muta
409 2729 440 2792 ot
461 2729 528 2794 tam
550 2728 685 2796 efficacia
706 2729 739 2794 in
762 2727 898 2795 medium
920 2726 1046 2794 adduxit
1068 2729 1103 2793 nt
1121 2727 1148 2793 si
1171 2728 1219 2794 vel
1242 2727 1318 2793 alic-

80 2841 190 2909 nissimi
212 2845 250 2910 ab
274 2863 310 2910 oa
332 2843 506 2921 fuissemus,
528 2844 679 2927 potuisset
707 2844 797 2910 facile
820 2844 853 2910 in
875 2845 954 2911 hanc
976 2845 1042 2910 tam
1072 2843 1155 2928 piam
1178 2845 1243 2909 tem
1266 2861 1318 2908 ca·

80 2957 220 3038 thelicam,
248 2960 315 3025 tam
343 2959 408 3025 Deo
437 2960 560 3043 getam
589 2979 645 3026 nos
675 2960 859 3027 senentiam
889 2958 1038 3026 inducere.
1084 2957 1143 3025 Sed
1172 2958 1319 3042 quidnam

81 3075 167 3140 maius
188 3095 241 3159 per
255 3075 357 3140 Deum
372 3076 586 3159 argumentum
609 3074 647 3142 de
661 3076 765 3141 nostro
788 3076 871 3159 pacis
888 3073 989 3142 studio
1011 3075 1045 3140 in
1059 3073 1196 3140 medium
1218 3073 1332 3140 afferri¹

78 3191 167 3268 potest
188 3209 280 3275 quam
302 3195 390 3274 parta
413 3190 547 3270 victoria,
576 3209 721 3275 caesoque
750 3190 789 3257 ad
810 3191 1047 3257 internecionem
1069 3191 1155 3256 muto
1177 3189 1318 3270 exercitu,

80 3302 193 3372 ducibus
221 3306 296 3372 belli
326 3307 380 3371 aut
401 3306 499 3391 captis
529 3308 583 3371 aut
611 3307 645 3372 in
667 3306 781 3390 praelio
810 3307 999 3387 desideratis,
1030 3308 1118 3390 capto
1147 3306 1215 3390 ipso
1236 3324 1316 3390 roge,

82 3418 210 3487 uiderem
232 3423 373 3489 nostrum
395 3422 559 3488 exercitum
582 3442 622 3488 ne
645 3423 775 3507 vestigio
798 3422 921 3508 quidem
944 3442 976 3488 se
998 3422 1152 3489 movisse?
1175 3439 1230 3488 nos
1245 3421 1318 3488 hinc

81 3533 222 3602 viduam
244 3539 276 3603 et
298 3537 440 3603 omnibns
455 3537 617 3621 praesidiis
641 3556 767 3604 vacuam
783 3536 919 3604 Gallum
941 3539 1025 3605 nullo
1040 3556 1101 3605 non
1124 3537 1224 3604 solnm
1246 3556 1315 3603 ma-

80 3647 128 3714 iori
148 3653 276 3718 exercitu
300 3651 353 3716 sed
376 3671 414 3718 ne
435 3653 530 3719 minis
552 3652 674 3736 quidem
699 3653 789 3740 (quae
811 3654 861 3718 vin
883 3673 1067 3740 quemquam
1081 3653 1208 3720 victoria
1229 3654 1315 3720 exul-

79 3767 183 3834 tantem
205 3767 330 3834 defiecrc
354 3766 465 3853 solent)
483 3767 666 3834 solicitasse:
689 3769 763 3854 quin
785 3769 848 3835 imo
864 3770 959 3835 allato
981 3771 1068 3836 tanto
1091 3770 1209 3848 nuncio,
1232 3769 1316 3836 illico

79 3877 110 3945 dc
129 3901 197 3965 pace
219 3883 354 3968 cogitare
376 3884 516 3967 cepisse?
538 3883 624 3950 cuius
647 3883 758 3950 demun
781 3883 969 3953 conditiones
991 3886 1070 3952 tales
1086 3883 1176 3964 Gallo
1199 3884 1313 3952 detuli-

79 4013 146 4076 mus,
168 3998 276 4082 quibus
292 3999 383 4082 paulo
398 3999 531 4065 minores
547 3999 636 4064 rebus
653 3996 813 4073 Gallorum
828 3999 958 4085 integris
974 4001 1022 4067 vix
1038 4001 1314 4084 proposuissemus:

78 4111 108 4176 ut
124 4131 182 4180 non
202 4113 358 4182 immerito
381 4114 534 4180 affirmare
556 4114 656 4198 possit
678 4134 700 4180 s.
716 4134 743 4180 v.
768 4114 869 4182 studio
891 4115 993 4201 magis
1015 4118 1046 4182 et
1069 4114 1217 4182 desiderio
1239 4132 1313 4181 con-

78 4226 208 4296 scientiae
238 4247 310 4297 suae
338 4230 423 4314 prius
453 4247 559 4314 paoem
587 4247 763 4314 procurasse
786 4249 879 4314 quum
907 4232 943 4296 nt
971 4229 1087 4315 aliquid
1115 4231 1258 4314 proficere
1281 4250 1314 4298 se

78 4359 155 4422 posse
175 4346 317 4413 crederet.
362 4345 474 4430 lthuis
497 4364 566 4411 vcro
596 4345 663 4410 tam
691 4345 817 4430 ignarus
840 4348 888 4412 est
910 4365 1011 4412 rerum
1033 4346 1237 4413 humanarum
1260 4349 1314 4412 aut

78 4457 133 4524 tam
147 4461 322 4548 peregrinus
345 4462 473 4547 quinon
488 4459 644 4544 intelligat
666 4460 788 4543 quantis
807 4480 867 4527 una
884 4481 973 4546 super
995 4461 1071 4527 alias
1088 4461 1216 4542 iniuriis,
1239 4468 1313 4550 quot
