3192 4930
643 269 842 334 ..5-

119 467 205 532 solita
228 467 275 532 est
290 467 344 532 aut
358 465 471 532 debuit.
494 466 645 532 Volumus
661 467 764 532 autem
786 467 821 532 ut
839 466 1004 550 antequam
1025 463 1201 532 huiusmodi
1224 465 1365 550 guberuii

119 601 226 649 nomen
255 585 286 648 et
314 583 526 652 auctoritatem
557 601 693 649 exerceas
729 583 766 648 de
795 601 830 648 eo
859 581 998 662 fideliter,
1027 581 1154 660 fortiter,
1185 582 1365 667 strenueque

117 698 344 779 ereroendo,*ac
366 703 469 767 nostra
492 701 524 766 et
538 699 629 766 huius
653 697 722 766 sae,
739 697 826 766 Sedis
850 699 1001 784 dignitate
1024 717 1060 764 ac
1074 699 1224 782 potestate
1247 699 1280 764 in
1295 717 1363 764 om·

116 813 205 880 uibus
229 814 423 894 defendenda,
453 815 590 884 debitum
620 817 756 900 praestes
779 816 813 881 in
842 815 984 882 manibus
1013 815 1126 882 nostris
1149 815 1364 882 iuramentum.

115 931 157 996 Tu
181 949 255 1014 ergo
277 931 385 997 dilecte
414 932 460 998 tili
481 933 526 998 ita
549 951 668 1016 semper
689 932 728 997 ad
750 932 874 998 altiores
896 931 1045 998 virtutum
1067 930 1181 1016 gradrm
1204 930 1364 998 ascendero

116 1045 247 1124 studeas,
269 1048 303 1110 ut
325 1048 356 1112 et
377 1049 482 1112 nostra
505 1049 536 1114 et
558 1047 743 1132 reliquorum
765 1047 848 1114 dete
871 1049 1019 1133 augeatur
1041 1047 1151 1131 opinio,
1174 1065 1250 1132 quae
1268 1045 1362 1112 stiam

114 1162 292 1246 ampliorem
315 1163 448 1246 quotidie
463 1166 601 1230 nostram
619 1165 651 1228 et
673 1161 761 1230 Sedis
776 1163 959 1248 apostolicae
979 1164 1120 1248 provocet
1133 1162 1362 1229 liberalitatem.

114 1277 229 1344 Datum
252 1277 367 1344 Romae
389 1278 438 1346 die
461 1299 526 1347 arv.
550 1279 708 1346 Februarii
730 1279 861 1347 mdxriv.
906 1279 995 1346 Anno
1017 1279 1125 1363 primo.

724 1477 753 1542 b.

202 1617 366 1686 Carissime
387 1619 420 1684 in
444 1619 565 1686 Christe
589 1619 636 1685 fili
657 1615 801 1704 noster1).
842 1617 937 1682 Decet
957 1636 1013 1683 nos
1036 1617 1114 1684 dono
1136 1615 1194 1683 Dei
1216 1615 1362 1682 altissimi

109 1735 141 1800 in
164 1735 332 1818 sepositos
349 1736 470 1820 specula
493 1734 571 1802 uude
594 1735 731 1801 omnium
754 1753 789 1800 ac
804 1733 965 1818 presertim
981 1751 1084 1800 eorum
1107 1733 1161 1818 qui
1173 1731 1362 1816 principatus

108 1853 140 1914 et
168 1850 299 1934 imperia
322 1869 340 1916 a
361 1851 426 1918 Deo
450 1851 577 1935 Optimo
600 1849 734 1916 Mariano
764 1850 968 1932 obtinuerunt,
991 1849 1081 1934 longe
1108 1851 1140 1916 et
1160 1849 1223 1916 late
1251 1847 1362 1914 merita

109 1966 279 2050 prospicere
302 1967 468 2050 possimus:
490 1967 534 2033 ita
557 1966 821 2033 benemerentibus
836 1966 947 2032 habere
969 1967 1143 2050 promptam
1161 1965 1303 2050 gratiam,
1326 1965 1362 2029 ut

108 2083 171 2148 sire
194 2085 301 2148 nostra
328 2084 369 2148 sit
391 2082 543 2162 iudicatio,
574 2083 701 2168 quidet
731 2083 880 2168 quantum
909 2083 1071 2167 unicuique
1099 2080 1296 2148 tribuendum
1319 2079 1362 2146 sit

105 2201 136 2264 et
158 2199 193 2266 in
208 2199 370 2266 iudicando
394 2200 490 2266 simus
507 2203 537 2266 et
552 2201 585 2266 111
600 2200 820 2268 remunerando
835 2201 993 2276 liberales;
1018 2200 1081 2266 sive
1095 2197 1361 2283 praedecessorum

105 2317 281 2381 nostrorum
299 2333 494 2382 romanorum
509 2315 688 2400 pontificum
711 2317 743 2382 id
765 2317 825 2383 fuit
840 2317 1010 2396 arbitrium,
1033 2335 1109 2401 quae
1131 2315 1170 2382 ab
1192 2314 1257 2380 illis
1280 2313 1360 2380 recte

103 2431 251 2497 instituta
274 2430 403 2511 firarrmt,
426 2451 481 2498 nos
505 2451 622 2517 quoque
644 2431 850 2498 libentissimo
873 2431 975 2499 animo
998 2433 1236 2516 comprobemus.
1282 2426 1358 2494 Cum

102 2547 201 2631 igitur
223 2549 258 2612 tu
288 2546 334 2612 fili
359 2549 462 2614 noster
491 2548 648 2614 carissime
681 2547 810 2614 Heurice
839 2567 901 2614 non
922 2566 982 2614 imo
1005 2549 1059 2614 aut
1088 2547 1183 2612 altero
1205 2544 1358 2630 praeclare

101 2663 192 2742 facto,
218 2662 272 2727 sed
294 2665 437 2748 perpetuo
460 2663 602 2730 instituto
626 2663 707 2729 vitae
729 2665 799 2730 tuae
814 2664 897 2749 regis
920 2663 1048 2730 maximi
1069 2663 1215 2730 uirtutem
1237 2661 1356 2726 1111111-

99 2777 193 2862 dique
210 2777 376 2862 perfectum
399 2780 431 2844 et
453 2779 625 2845 absolutam
641 2779 839 2862 praestiteris,
862 2782 897 2847 ut
912 2783 943 2846 et
958 2799 1044 2846 arma
1063 2778 1173 2865 quibus
1188 2777 1357 2863 plurimum

99 2894 185 2960 sales
209 2895 243 2960 et
264 2893 435 2962 doctrinam
458 2913 493 2960 ao
516 2895 699 2978 sapientiam
722 2915 757 2962 er
780 2915 840 2979 qua
863 2914 1017 2962 summam
1031 2894 1154 2962 laudem
1177 2913 1210 2960 es
1228 2891 1356 2977 adeptus

97 3010 136 3075 ed
159 3009 265 3076 Deum
289 3011 319 3075 et
340 3010 399 3076 Dei
428 3010 608 3096 religionem
636 3010 858 3078 defendendam
881 3031 1001 3097 semper
1022 3011 1195 3090 contuleris,
1226 3008 1355 3093 fideique

96 3125 226 3192 sanctae
248 3125 342 3191 etiam
365 3127 443 3192 libro
465 3125 610 3192 aduersus
633 3127 760 3194 Lutheri
782 3128 915 3194 heresim
936 3129 1016 3194 mira
1040 3127 1208 3195 eruditione
1231 3143 1266 3192 ac
1289 3125 1353 3190 elo·

95 3241 226 3324 quentia
249 3241 330 3306 edito
353 3243 489 3308 erdteris
513 3241 652 3308 defensor
675 3262 710 3309 ec
731 3263 808 3327 pene
829 3245 984 3329 patronus,
1015 3243 1051 3310 fe.
1068 3263 1108 3312 re.
1124 3244 1184 3310 Leo
1200 3241 1238 3309 X.
1262 3259 1352 3325 prae-

94 3355 241 3422 decessor
263 3359 293 3421 et
315 3355 409 3423 frater
430 3357 578 3441 patruelis
600 3357 763 3426 nosteros
778 3360 998 3426 venerabilium
1019 3360 1149 3425 fratrum
1166 3375 1298 3436 suorum,
1320 3357 1354 3422 in

94 3491 230 3556 quorum
253 3491 378 3540 numero
393 3475 465 3540 tunc
481 3493 611 3556 eramus,
637 3475 797 3556 sententia,
819 3478 851 3544 te
865 3477 906 3542 ad
920 3479 1019 3544 cetera
1040 3477 1094 3543 tua
1115 3475 1241 3542 nomina
1262 3491 1352 3559 rega-

93 3589 135 3654 lia
159 3589 258 3672 atque
287 3588 398 3672 ampla,
421 3587 494 3655 fidei
516 3589 705 3656 defensorem
728 3592 825 3658 voluit
853 3593 1015 3678 appellari;
1044 3593 1135 3678 atque
1157 3590 1214 3658 hoc
1242 3588 1352 3656 eximio

91 3703 186 3770 titulo
212 3721 274 3769 non
296 3705 362 3770 tarn
379 3723 420 3771 -ex
442 3705 532 3772 laude
555 3706 715 3773 hominum
746 3727 838 3792 quam
860 3728 896 3774 ex
919 3709 1024 3776 celesti
1046 3707 1273 3776 comendatione
1295 3705 1350 3772 de·

90 3821 240 3904 prompto
256 3819 451 3887 serenitatem
465 3823 552 3888 tuam
567 3820 743 3908 insignirit;
768 3825 848 3908 quod
860 3843 916 3892 nos
931 3826 970 3892 ab
985 3825 1038 3892 illo
1053 3825 1169 3892 factum
1181 3821 1351 3890 iustissime

88 3939 120 4001 et
145 3932 380 4020 sapientissime
409 3936 613 4022 agnoscimus,
643 3939 820 4006 rumonim
843 3941 929 4008 tuam
952 3943 982 4008 et
1004 3941 1037 4008 in
1067 3939 1208 4028 regendis
1229 3936 1350 4023 populis

187 4130 208 4192 ¹)
229 4132 300 4182 Deest
318 4135 411 4190 titulun
431 4135 471 4184 sed
490 4137 551 4184 clare
569 4137 1038 4200 111111111111111111111111111111111
1056 4141 1153 4199 anglise
1171 4141 1219 4198 regi
1236 4139 1348 4198 scriptam

85 4247 145 4294 esse,
166 4233 213 4292 qui
233 4245 260 4279 eo
278 4233 382 4292 tempore
400 4245 425 4282 se
443 4235 620 4284 devotissimum
632 4236 774 4298 apostolieae
787 4237 841 4288 Sodi
856 4241 984 4300 praebebat
1000 4239 1153 4301 paratumque
1169 4239 1199 4288 ad
1218 4238 1295 4286 omnls
1307 4249 1349 4298 pro

84 4333 212 4382 cathollcs
232 4330 343 4388 miluom
361 4331 457 4382 tuendo.
494 4333 605 4383 Attamen
629 4337 655 4384 ut
678 4338 776 4386 assutus
803 4338 912 4399 probsrlt
936 4340 1011 4396 magis
1037 4339 1112 4388 serbis
1137 4349 1207 4396 quam
1232 4337 1347 4398 operibus,

84 4433 163 4494 magis
184 4430 385 4494 promissionibus
402 4443 470 4492 quam
490 4433 589 4496 1111111111
607 4435 680 4497 ipsius
699 4435 799 4500 deuotio,
817 4449 860 4488 nee
878 4437 972 4488 omniuo
991 4437 1087 4500 slocera,
1107 4435 1310 4486 mmfestabstur.
