3132 4910
543 361 788 433 -367-

56 563 80 630 et
97 559 294 631 stabilitatem
323 582 426 629 rerum
454 563 590 639 samm
622 561 730 631 deinde
759 581 829 630 vero
851 562 985 630 maximo
1015 583 1084 630 cum
1114 561 1232 649 gemitu
1258 563 1290 631 et

56 681 141 747 dolore
163 682 265 747 nostro
288 680 380 764 atquc
402 678 511 744 ltaliae
533 677 629 744 totins
651 698 720 744 oum
740 678 834 744 iidem
857 679 947 746 duces
969 679 1017 746 tui
1039 681 1155 746 statum
1171 679 1289 747 Medio-

55 798 107 862 lani
126 796 352 880 occupavissent
374 796 465 878 atque
484 812 587 868 ⁴arcem
609 793 643 859 in
658 813 718 878 qna
732 795 837 860 Franc.
854 794 952 860 blavia
974 795 1135 874 residebat,
1158 796 1289 862 circnm-

55 913 152 978 vallare
165 911 392 988 instituissent;
414 912 490 990 tum,
505 910 679 994 postulante
702 909 824 975 anobis
840 929 944 977 curam
967 912 999 976 et
1021 911 1214 978 severitatem
1232 911 1289 976 ad-

55 1047 143 1092 versus
157 1026 376 1111 indignitatem
391 1026 512 1091 tentam
527 1025 636 1091 ltaliae
651 1025 793 1108 periculo,
808 1026 949 1092 omnibns
966 1026 1053 1092 nobis
1069 1028 1159 1111 atque
1174 1027 1290 1110 ignotis

54 1143 250 1227 flagitantibus
272 1141 373 1224 parati
395 1141 448 1224 qui
470 1159 556 1206 arma
579 1143 610 1206 et
632 1141 746 1206 auxilia
768 1141 938 1208 conferrent
952 1141 1070 1208 cunctis
1092 1161 1184 1226 prope
1206 1142 1290 1208 cbri-

53 1258 206 1323 stianitalis
230 1257 354 1341 regibus
377 1274 432 1322 nos
456 1256 593 1335 animati,
616 1275 677 1322 non
692 1255 863 1323 videremur
884 1276 973 1341 posse
996 1258 1137 1323 resistere
1165 1257 1291 1323 monitis

52 1374 167 1456 querelis
197 1373 396 1456 precibusque
417 1371 550 1451 illorum,
580 1361 650 1438 curn
680 1390 735 1438 nos
764 1372 856 1438 officii
887 1373 985 1440 nostri
1014 1373 1151 1439 debitum
1181 1373 1291 1438 ltaliae

53 1489 200 1554 calamitas
219 1490 251 1554 et
270 1488 438 1572 periculum
454 1505 614 1554 commune
629 1489 844 1563 commoveret;
860 1489 965 1555 muron
979 1488 1158 1555 adveniente
1171 1508 1225 1572 per
1240 1507 1291 1554 eos

52 1603 107 1669 dies
128 1605 179 1670 dil.
195 1604 238 1669 fil.
254 1622 364 1668 comm.
388 1603 517 1670 Herrera
539 1622 556 1668 a
579 1606 611 1668 te
629 1603 668 1669 ad
684 1622 739 1670 nos
754 1603 907 1669 mactandi
921 1623 1021 1682 cansa,
1044 1607 1079 1669 ut
1093 1605 1158 1688 ipse
1176 1603 1292 1670 ferebat

51 1721 143 1798 misso,
172 1719 285 1803 relapsi
315 1719 348 1784 in
370 1718 534 1802 pristinam
563 1738 648 1802 spem
678 1721 710 1786 et
739 1718 939 1802 cupiditatem
968 1719 1193 1786 benevolentiae
1219 1720 1291 1784 tuae

51 1835 127 1900 nobis
141 1853 260 1919 quoquo
275 1833 365 1900 modo
380 1833 594 1912 maciliandae,
610 1833 749 1900 dimissis
765 1835 910 1915 consiliis,
926 1835 1210 1918 conspirationibus,
1232 1836 1288 1900 ob-

49 1949 261 2034 lationibusque
276 1951 463 2026 cunctorum,
485 1949 572 2032 gravi
594 1949 731 2015 omnium
753 1950 964 2036 indignatione
986 1953 1017 2016 et
1039 1951 1160 2035 querela
1182 1949 1236 2034 qui
1258 1969 1290 2016 se

50 2066 168 2132 anobis
190 2063 302 2130 deserti
332 2064 564 2148 conquerebant,
593 2064 631 2129 ad
660 2067 692 2130 te
714 2065 811 2132 denuo
841 2066 1077 2151 confugiendum
1105 2066 1290 2150 poterimus,

49 2183 274 2264 quaerentesque
296 2179 355 2246 tibi
369 2197 544 2262 comparare
558 2179 689 2263 gloriam
712 2182 864 2265 pacandae
878 2181 1114 2248 christianitatis
1136 2183 1168 2247 et
1183 2181 1288 2247 mode·

48 2297 166 2363 rationis
187 2298 258 2362 tuae
273 2295 415 2360 omnibus
431 2294 629 2361 declarandae
643 2296 842 2363 meminimus
857 2315 892 2363 ea
907 2297 1140 2363 conventionum
1156 2298 1289 2382 capitula

48 2431 116 2494 quac
137 2412 237 2480 dictvrs
260 2409 390 2476 Herrera
417 2411 562 2477 attulerat
584 2411 689 2494 paucis
718 2413 752 2477 in
774 2412 849 2478 locis
871 2413 980 2480 leviter
1001 2413 1165 2480 immutata
1193 2413 1287 2479 romi-

48 2527 118 2593 sisse
139 2527 177 2594 ad
199 2529 230 2592 te
252 2526 483 2610 comprobanda,
507 2526 723 2611 scripsisseque
745 2545 839 2594 manu
862 2529 966 2594 nostra
988 2529 1102 2607 literas,
1125 2529 1235 2614 quibus
1258 2532 1289 2596 te

47 2662 94 2724 per
107 2644 164 2708 Dei
182 2641 424 2709 misericordiam
439 2642 640 2721 obsecrantes,
663 2644 697 2707 nt
712 2641 861 2726 depellere
876 2643 970 2710 velles
985 2643 1064 2710 banc
1079 2644 1288 2729 suspitionem,

47 2777 117 2840 quae
138 2758 174 2825 de
195 2761 250 2823 tua
272 2756 370 2822 nimia
391 2755 558 2840 cupiditate
581 2757 722 2823 omnibus
745 2757 917 2838 adherebat,
945 2762 977 2825 et
998 2761 1233 2845 perpetuitatem
1255 2779 1290 2826 ac

47 2873 172 2940 fructum
194 2855 349 2939 amicitiae
371 2873 493 2938 rochae
515 2872 575 2939 tibi
596 2872 815 2957 pollicebamur
837 2877 868 2940 et
897 2874 1058 2941 consilium
1081 2875 1169 2942 fidele
1192 2877 1289 2942 daba-

47 3009 121 3067 mus,
141 2993 263 3073 atquae
278 2986 408 3072 pelenda
430 2989 517 3054 erant
531 2988 616 3054 omni
630 3007 700 3054 oum
714 2989 907 3055 humanitate
930 2991 961 3056 et
976 2991 1185 3058 benevolentia
1203 2993 1290 3057 abste

46 3105 230 3186 petebamus3
255 3104 449 3170 monetalem
472 3102 613 3170 videlicet
634 3103 751 3182 ltaliae,
781 3104 851 3170 duci
874 3104 1047 3184 Mediolani,
1071 3105 1179 3190 siquo
1202 3109 1290 3190 pacto

45 3223 177 3301 enasset
198 3219 404 3298 clementiam,
427 3219 514 3284 nobis
537 3217 614 3302 ipsis
629 3237 771 3285 amorem.
803 3217 886 3299 Quae
908 3222 956 3286 tot
969 3223 1074 3287 nostm
1095 3239 1185 3305 opera
1199 3223 1290 3306 atque

45 3335 139 3400 officia
159 3353 233 3420 erga
256 3334 452 3400 serenitatem
467 3337 553 3400 tuam
575 3354 691 3402 necnon
713 3335 774 3400 alia
790 3335 1015 3420 quamplurima
1038 3355 1114 3420 quae
1136 3336 1196 3401 tibi
1211 3354 1287 3420 quo-

44 3450 115 3516 tidie
135 3469 154 3516 a
175 3451 264 3517 nobis
286 3450 455 3534 postulanti
476 3453 616 3534 prompte
639 3469 757 3532 semper
772 3449 1017 3530 concedebamus,
1040 3471 1075 3517 ex
1097 3451 1208 3535 quibus
1230 3452 1289 3517 tibi

44 3567 230 3632 commodum
253 3569 344 3650 atque
360 3565 454 3631 honor
469 3564 603 3648 quotidie
618 3567 851 3644 accrescebatur,
874 3565 1129 3650 quemadmodum
1144 3585 1163 3630 a
1181 3569 1214 3632 te
1235 3585 1287 3632 ac·

43 3687 124 3765 cepta
145 3684 177 3748 ct
199 3683 427 3764 recompensata
450 3681 513 3746 sint
535 3681 568 3747 in
590 3683 733 3765 promptu
755 3683 803 3746 est
824 3699 1011 3765 cognoscere.
1057 3683 1196 3747 Primum
1219 3701 1288 3750 om·

44 3798 124 3863 nium
146 3800 269 3863 tuorum
291 3796 325 3861 iu
348 3796 439 3862 ltalia
469 3796 627 3880 agentium
649 3795 806 3880 iniquitati
828 3799 860 3862 et
886 3796 1078 3863 contumeliis
1101 3797 1145 3862 ita
1175 3797 1289 3862 fuimus

43 3913 175 3996 expositi,
197 3915 234 3978 nt
256 3931 326 3978 cum
342 3931 401 3977 non
424 3912 527 3977 omnia
550 3911 657 3977 statim
672 3931 707 3976 er
730 3912 852 3976 illorum
868 3912 1053 3996 praescripto
1076 3915 1107 3978 et
1122 3911 1289 3995 eupiditate

42 4028 207 4111 egissemm
231 4027 268 4093 de
291 4030 394 4093 nostra
421 4027 481 4092 fide
504 4029 535 4092 et
557 4027 713 4092 voluntate
735 4028 981 4111 abloqnerentur3
1012 4046 1125 4111 nosque
1155 4026 1235 4111 apud
1258 4029 1289 4093 tc

43 4135 260 4229 suspitionibus
292 4142 427 4209 sinistris
457 4161 580 4210 onerare
618 4162 679 4209 non
709 4143 882 4210 desinerent
912 4162 967 4209 nec
1004 4145 1179 4225 reputantes
1214 4142 1288 4226 quid

43 4258 172 4336 effidem
201 4261 342 4326 nostmm
370 4259 524 4343 honorque
553 4258 741 4342 deposceret,
773 4260 887 4326 vellent
916 4277 971 4324 nos
1005 4276 1107 4323 secum
1137 4257 1170 4323 in
1199 4275 1289 4324 omne

41 4375 208 4454 consilinm,
231 4373 312 4459 quod
334 4373 398 4440 illis
420 4374 553 4458 placeret
567 4393 653 4440 ruere
674 4374 854 4458 praecipites
878 4375 969 4458 atque
990 4373 1044 4439 ubi
1061 4372 1196 4456 primum
1218 4391 1286 4439 mo-

42 4490 171 4559 deratius
186 4493 218 4558 et
234 4491 482 4576 circumspectius
498 4509 553 4559 nos
569 4490 800 4571 contineremus,
817 4490 953 4556 omnium
969 4490 1202 4574 praetoritorum
1217 4489 1287 4558 offi-
