3128 4908
422 1041 723 1136 VARIORUM
751 1043 1058 1140 EPISTOLAE
1086 1043 1153 1136 ΕΤ
1181 1043 1316 1136 loll

310 1213 539 1281 transtris
561 1215 630 1281 VII.
655 1214 875 1283 srlssoms
898 1217 950 1281 ΕΤ
973 1214 1104 1282 GESTA
1127 1215 1423 1290 incusationis

583 1360 626 1407 cx
647 1359 814 1408 vsrrcsrrs
832 1360 1029 1410 0000000000
1048 1360 1160 1410 sorrs

794 1539 954 1548 ...ῃ-..ι-

843 1662 914 1728 196.

495 1827 965 1900 Archleplsc.1reverensls
988 1817 1159 1888 Clementi
1183 1829 1256 1889 vn.

624 1935 710 2020 (litt.
734 1935 914 2020 principum.
939 1936 1036 2004 001.
1063 1935 1127 2022 12).

722 2051 787 2134 (14.
810 2049 901 2116 Mars
928 2051 1036 2136 roes).

340 2201 524 2268 Beatissimo
545 2203 631 2287 pater
660 2204 729 2287 post
752 2202 860 2270 devoto
883 2203 1041 2269 beatorum
1064 2204 1176 2286 pedum
1205 2206 1309 2271 oscula
1338 2199 1474 2288 perstissi·

252 2337 338 2385 mum
361 2319 546 2402 obsequendi
568 2318 719 2385 affectum.

341 2433 524 2500 Beatissimo
546 2437 633 2520 pstor
654 2434 777 2501 domine
797 2433 1043 2513 clementissime,
1067 2453 1137 2501 cum
1153 2433 1265 2504 Sancta
1280 2437 1413 2502 Romans
1431 2433 1476 2498 lic

251 2551 345 2617 closis
366 2551 543 2618 cunctarum
572 2551 679 2629 mator,
709 2569 763 2635 pro
786 2551 895 2616 affectu
917 2550 1027 2618 ceteris
1049 2551 1193 2629 ecclesiis,
1216 2571 1279 2618 non
1303 2571 1386 2618 secus
1406 2566 1477 2634 quaro

251 2668 349 2732 mater
378 2665 516 2744 filiabus,
545 2665 579 2730 in
600 2667 835 2733 nocossitstibus
867 2667 1027 2733 subvenire
1058 2667 1167 2746 soleat,
1198 2667 1300 2752 sitque
1329 2662 1479 2734 mussulis

251 2784 384 2859 vestrae,
407 2782 487 2848 inter
509 2783 624 2848 osterse
654 2784 776 2848 sanotae
798 2781 908 2848 metris
931 2782 1075 2849 ecclesiae
1105 2783 1338 2863 sollicitudines,
1366 2783 1417 2848 hoo
1435 2795 1480 2845 non

252 2896 388 2975 minima,
419 2915 478 2981 qna
501 2897 649 2963 sanctitas
672 2899 772 2964 vestra
795 2897 892 2964 aciem
923 2917 994 2964 suae
1022 2898 1274 2965 considerationis
1304 2893 1481 2974 ermodito

252 3013 374 3078 sanctae
396 3011 506 3077 matris
529 3011 600 3090 filie,
623 3012 705 3078 felici
726 3013 815 3080 ducto
830 3013 979 3098 regimine
1001 3013 1134 3080 anoriis
1148 3015 1369 3098 prementur,
1390 3033 1425 3078 ne
1439 3009 1480 3075 do·

252 3125 370 3192 stitutis
385 3127 520 3210 prelatis,
543 3129 686 3211 perpetua
701 3128 828 3212 lugeant
843 3127 999 3208 viduitate,
1023 3128 1076 3196 sed
1091 3129 1126 3194 ut
1141 3129 1256 3212 optatis
1278 3127 1432 3212 proficiunt
1443 3126 1481 3190 io-

251 3242 428 3318 orsmentis;
451 3261 521 3308 oum
536 3242 638 3326 itaque
654 3242 848 3309 sanctitatem
871 3244 1005 3309 vestram
1031 3243 1113 3310 haud
1136 3243 1233 3310 latest
1256 3245 1371 3329 quante
1391 3239 1483 3309 inrum

251 3378 286 3424 so
308 3334 419 3424 damno
441 3358 630 3442 irreperabili
653 3358 845 3424 Reverendus
869 3359 901 3424 in
924 3357 1054 3439 Christo,
1078 3362 1110 3426 ct
1132 3359 1264 3425 illustris
1287 3359 1426 3428 dominus
1439 3355 1482 3421 Jo-

251 3475 368 3541 hsnnes
383 3474 540 3558 episcopus
557 3473 797 3541 Hildssemensis
820 3476 859 3541 ab
882 3474 1064 3541 adversariis
1088 3475 1152 3540 suis
1175 3475 1342 3560 affligatur,
1365 3477 1396 3540 et
1416 3473 1484 3539 insa

251 3591 361 3658 bellica
390 3591 565 3656 calamitate
591 3609 663 3656 suae
685 3590 829 3656 ecclesiae
859 3589 947 3656 bonis
974 3591 1005 3656 et
1030 3590 1119 3656 torris
1151 3591 1315 3675 spoliatus,
1347 3591 1407 3656 ism
1435 3587 1485 3652 ism

251 3725 402 3791 nusquam
432 3707 532 3784 tutus,
562 3705 658 3770 veluti
686 3705 720 3771 in
749 3705 874 3784 erilium
904 3705 1028 3789 pulsus,
1060 3706 1144 3772 omni
1173 3706 1342 3773 amicorum
1371 3701 1485 3790 presidio

250 3822 344 3888 etiem
366 3821 499 3898 relictus,
522 3821 632 3886 misere
655 3819 891 3898 circumferatur,
914 3823 945 3886 et
964 3839 1000 3886 ec
1022 3841 1070 3886 rss
1093 3821 1210 3901 ceteris,
1233 3823 1338 3887 oontm
1361 3818 1485 3887 ecclesius

251 3937 387 4004 seniendi
408 3935 611 4003 intollerabile
634 3938 664 4001 et
687 3934 926 4020 ignominiosum
948 3935 1103 4020 probitum
1126 3936 1168 4002 sit
1190 3936 1364 4020 exemplum
1388 3932 1455 4020 (nisi
1473 3949 1486 3993 a

252 4053 415 4119 sanctitate
431 4053 531 4117 vestra
546 4052 632 4118 tante
647 4050 829 4117 iniuriarum
845 4051 877 4116 et
891 4051 1059 4117 invasionis
1076 4051 1122 4118 vis
1138 4052 1219 4117 iusto
1241 4050 1399 4119 obstaculo
1414 4066 1485 4116 eom·

251 4167 420 4253 poscatur);
436 4185 564 4252 cumque
579 4166 714 4252 prefatus
730 4167 888 4250 episcopus
900 4167 1004 4253 (quom
1019 4167 1152 4250 profecto
1162 4166 1224 4232 vite
1238 4167 1270 4233 st
1285 4183 1405 4233 morum
1418 4163 1485 4228 inte·

251 4283 365 4368 gritate
385 4283 589 4366 conspicuum,
613 4300 743 4366 suaeque
758 4281 902 4347 eeclesiae
926 4281 1048 4348 fidelem
1070 4281 1361 4360 administratorem,
1383 4293 1484 4360 eampo

253 4399 397 4482 comperi)
408 4397 488 4462 mihi
503 4397 545 4462 sit
559 4397 690 4480 quodam
700 4397 849 4480 singulari
865 4397 1024 4462 eharitatis
1034 4397 1153 4463 vinculo
1167 4397 1298 4476 iunctus,
1314 4415 1350 4462 cc
1363 4393 1483 4480 precibus
