3132 4910
753 303 997 374 ..350-

248 499 379 570 siarcum
408 501 531 588 eiusque
555 519 697 588 sequaces
719 505 751 568 et
779 503 913 571 fautores
942 499 1136 588 procedendi,
1166 521 1235 570 eam
1264 497 1342 572 milri
1367 497 1472 570 libenter

247 619 401 704 impartiri
430 618 581 704 dignetur,
611 637 704 704 quam
733 619 899 704 opportune
923 638 1042 705 semper
1064 638 1199 686 exeruere
1228 621 1357 687 conabor
1376 619 1411 686 ed
1428 619 1474 684 Dei

247 734 439 819 lloolesieque
454 755 508 801 sue
531 736 633 802 sanote
655 736 687 802 et
701 755 729 801 v.
745 753 769 802 s.
785 736 910 816 uultum,
926 734 1183 821 quemadmodum
1199 737 1288 822 oepte
1302 737 1474 834 comprobent

248 851 346 918 eidem
369 870 423 937 per
453 853 604 919 oratorem
625 850 720 918 istbie
749 870 852 918 meum
880 850 976 919 latius
998 851 1183 936 explicanda.
1230 851 1372 936 Superest
1391 853 1473 917 autom

247 969 282 1033 ut
304 969 443 1052 optatam
466 967 683 1034 relaxationem
705 967 822 1034 domini
836 967 967 1034 loannis
982 965 1096 1034 Ginodi
1118 987 1211 1053 quam
1224 969 1398 1035 novissimis
1413 967 1474 1031 meis

247 1083 408 1169 depoposci
429 1084 524 1151 libere
546 1084 625 1150 mibi
647 1084 807 1152 oonoedere
829 1083 972 1170 dignetuu
994 1104 1021 1151 v.
1039 1105 1062 1154 s.
1077 1086 1133 1152 eto.

335 1201 379 1266 llx
401 1200 556 1266 'Plautino
579 1201 628 1268 die
650 1201 731 1267 xxiii
754 1199 842 1267 Junii
863 1201 983 1268 mdxxv.

853 1317 1056 1384 Humillimus
1079 1319 1111 1383 et
1132 1316 1350 1383 devotissimus
1370 1313 1442 1380 lilius

1006 1434 1076 1499 Dux
1100 1431 1279 1500 Sabaudiue.

619 1786 771 1848 Carolus
792 1667 1030 1850 V.2{{ement1
1052 1788 1125 1849 VII.

687 1897 773 1984 (litt.
789 1898 884 1983 prins
899 1898 956 1965 HL
976 1896 1063 1984 196).

730 2013 795 2100 (21.
811 2013 891 2080 Julii
909 2012 1017 2101 1525).

335 2153 399 2236 Qua
421 2158 526 2221 nostra
548 2174 629 2222 nuno
652 2155 716 2222 sint
744 2157 781 2223 de
803 2175 877 2242 paee
899 2155 1035 2236 consilia,
1064 2156 1192 2223 tametsi
1218 2156 1249 2222 et
1272 2175 1373 2222 coram
1393 2149 1478 2218 omnio

244 2291 263 2336 a
291 2272 380 2338 nobis
408 2271 592 2338 intellexerit
621 2271 803 2339 venerabilis
831 2273 997 2340 Boltbasar
1021 2271 1235 2340 Castillionene
1259 2291 1285 2338 v.
1310 2291 1336 2338 s.
1362 2267 1478 2342 nuntius,

243 2387 349 2454 eadem
365 2389 468 2454 tamen
483 2387 599 2454 illustri
614 2387 683 2454 duoi
699 2385 808 2456 Suessa
830 2388 1015 2475 uioegerenti
1035 2388 1108 2454 istie
1121 2390 1226 2454 nostro
1242 2407 1266 2454 s.
1282 2408 1310 2454 v.
1326 2381 1479 2470 exponenda

244 2503 415 2585 scribimus,
438 2504 487 2570 oui
502 2504 594 2572 fidem
618 2504 651 2570 in
666 2505 756 2571 rebus
772 2504 914 2572 omnibus
936 2505 1048 2572 babere
1063 2503 1249 2589 dignabitur.
1280 2504 1477 2588 Rogamueque

244 2639 267 2686 e.
283 2640 311 2686 v.
334 2620 370 2686 ut
384 2639 479 2705 quum
500 2619 686 2687 intellexerit
700 2622 813 2706 quanto
837 2621 938 2688 studio
954 2621 1158 2687 universalem
1180 2637 1287 2703 paoem
1302 2630 1477 2704 proourenus

246 2737 336 2820 atque
350 2735 431 2802 inter
445 2736 545 2802 oetera
558 2735 736 2802 Italicarum
751 2757 853 2803 rerum
868 2736 1113 2803 stabilimentum
1132 2735 1166 2801 in
1180 2735 1351 2802 renovenda
1365 2731 1478 2799 maxine

246 2871 316 2918 oum
339 2851 465 2919 Venetis
487 2852 586 2918 federe
615 2853 648 2918 in
670 2853 863 2937 generalique
892 2852 1041 2918 conventu
1062 2851 1114 2917 bio
1135 2850 1275 2918 habendo
1305 2869 1373 2916 oum
1394 2843 1478 2912 Gallis

245 2968 357 3053 englis
380 2987 416 3034 ae
438 2968 546 3035 ueteris
562 2963 649 3034 adid
670 2968 811 3048 evocatis,
834 2969 879 3040 ita
901 2969 987 3034 nulla
1002 2969 1086 3034 nullo
1108 2968 1174 3035 loeo
1189 2968 1221 3033 et
1239 2965 1416 3033 auctoritate
1435 2977 1478 3026 sua

245 3085 277 3150 et
299 3084 425 3150 oonsilio
448 3084 536 3165 desit,
558 3086 594 3150 ut
615 3085 732 3169 patetis
756 3084 932 3152 ehristianis
954 3085 1045 3151 rebus
1067 3084 1100 3150 id
1115 3083 1228 3150 demun
1250 3080 1377 3168 aggredi
1393 3075 1477 3164 possi·

246 3219 316 3266 mus
338 3200 418 3285 quod
448 3200 588 3267 universo
618 3200 785 3268 christiano
814 3201 932 3268 nomini
954 3201 986 3267 et
1015 3200 1149 3266 salutare
1170 3200 1201 3266 et
1229 3197 1424 3266 honoridonm
1444 3191 1478 3255 sit

246 3368 253 3383 .
277 3369 284 3384 .
308 3368 314 3384 .
338 3317 409 3383 Dat.
425 3316 458 3382 in
474 3316 529 3383 civ.
545 3317 651 3384 nostra
665 3317 765 3384 Toleti
780 3317 829 3384 die
843 3318 900 3383 xxi
917 3315 1032 3383 mensis
1047 3315 1127 3382 Julii
1141 3333 1220 3381 anno
1235 3314 1361 3380 Domini
1374 3309 1478 3377 mdxxr.

245 3433 422 3520 Regnorum
444 3435 618 3501 nostrorum
639 3433 772 3500 Romani
794 3432 924 3518 septimo
947 3433 979 3498 et
1000 3431 1130 3499 aliorum
1152 3429 1279 3498 deoimo.

334 3547 459 3617 Carolus
481 3550 538 3617 eto.

836 3730 910 3799 266.

618 3849 769 3914 Carolus
791 3850 833 3913 v.
855 3849 1029 3913 Clementi
1049 3849 1125 3912 m

687 3961 774 4050 (litt
788 3960 884 4047 prino.
898 3961 955 4029 lll
971 3958 1060 4048 222).

725 4077 791 4165 (11.
809 4079 888 4166 Aug.
906 4077 1016 4167 1525).

334 4223 372 4291 In
386 4223 529 4291 molestia
551 4241 644 4308 quam
658 4241 834 4308 ceperamus
857 4241 892 4290 ex
906 4221 1019 4289 litteris
1043 4241 1066 4288 e.
1082 4241 1110 4288 v.
1124 4219 1206 4287 dotis
1221 4237 1269 4286 xu.
1283 4217 1371 4287 Junii
1384 4214 1480 4302 quibu

246 4340 385 4404 nonnihil
407 4341 597 4424 expostulare
611 4339 771 4406 videbatur
792 4339 872 4424 quod
893 4356 955 4405 non
977 4338 1080 4404 omnia
1101 4338 1168 4404 rata
1189 4335 1403 4402 habuissemus
1416 4345 1481 4415 qnae

248 4472 300 4536 per
321 4456 454 4520 oratores
470 4457 589 4520 nostros
612 4455 645 4520 in
660 4454 778 4522 laedere
800 4457 903 4523 nostro
918 4456 1041 4522 nomine
1063 4474 1132 4520 oum
1148 4453 1311 4520 sanctitate
1333 4469 1360 4516 v.
1377 4444 1480 4515 sancite
