3132 4910
565 308 808 375 -oat-

74 509 203 594 regimini
216 509 297 578 dicte
311 506 446 576 ciribtis
461 507 658 592 presidentes,
672 508 712 574 ad
726 525 802 592 quos
817 505 850 573 id
864 503 1042 592 pertinebat
1061 503 1096 568 ut
1111 518 1172 567 una
1187 497 1237 565 vel
1252 495 1310 564 dus

73 625 194 694 fornaces
216 625 383 704 dumtaxat
405 627 440 690 ot
461 625 618 710 prefertur,
640 625 673 691 in
688 624 824 710 predicta
844 622 969 690 civitate
987 617 1159 694 existerent
1181 616 1212 682 et
1229 612 1310 699 quod

73 743 117 809 ille
136 745 241 810 extunc
256 742 392 810 decetcro
414 761 468 826 per
489 743 624 827 aliquem
643 741 741 808 civem
764 740 861 827 ipsius
883 738 1018 806 civitatis
1041 736 1071 802 et
1101 752 1162 801 non
1184 751 1238 817 por
1259 731 1308 796 fo·

74 877 188 938 susem,
209 879 279 926 cnm
294 878 384 926 onere
406 858 623 926 munutenmdi
644 861 680 925 ut
694 859 775 925 vitra
796 857 829 923 in
852 857 943 924 solito
964 853 1061 941 pretio
1077 871 1130 937 per
1152 848 1309 916 civitatem

73 976 98 1040 et
117 975 279 1042 tenimenta
305 975 481 1042 huiusmodi
509 974 679 1042 neccssaria
701 974 816 1054 fierent,
839 972 1041 1050 decreverant
1063 987 1098 1034 ac
1120 968 1229 1034 extunc
1250 963 1308 1030 Jo-

73 1093 158 1158 banni
177 1094 208 1160 ot
221 1091 368 1158 frutribus
383 1091 528 1176 predictis
550 1112 604 1177 pro
621 1112 653 1158 se
668 1095 700 1158 et
721 1110 826 1158 eorum
841 1089 1003 1156 heredibus
1026 1089 1057 1153 et
1076 1083 1309 1160 successoribus,

73 1210 101 1274 ut
121 1209 178 1292 ipsi
199 1209 359 1274 dumtaxat
380 1225 475 1274 unam
498 1209 545 1276 vel
567 1208 644 1274 duas
667 1208 804 1274 fornaces
826 1205 1002 1272 huiusmodi
1023 1205 1090 1272 lieri
1113 1203 1255 1280 facerent,
1278 1201 1310 1266 ct

72 1326 142 1408 quod
166 1326 282 1394 nemini
309 1326 415 1392 liceret
438 1326 495 1392 sub
523 1329 606 1392 certa
628 1324 802 1411 pecuniaria
823 1343 902 1410 pona
929 1342 984 1409 pro
1007 1341 1068 1390 una
1089 1337 1207 1388 semare
1228 1317 1309 1384 dicte

72 1441 202 1522 cubus,
224 1445 257 1511 et
271 1461 326 1527 pro
349 1443 411 1510 alic
426 1442 643 1510 medietatibus
666 1462 743 1527 peno
757 1441 933 1508 huiusmodi
946 1438 1083 1507 Jobnnni
1105 1440 1136 1504 et
1153 1434 1308 1511 frutribus,

71 1560 277 1628 coheredibus
299 1561 331 1626 et
353 1559 576 1626 successoribus
598 1559 742 1644 predictis
757 1559 946 1644 applicanda,
967 1557 1062 1624 aliam
1084 1555 1237 1622 fomacom
1259 1551 1308 1619 vi·

70 1677 175 1742 trorum
193 1677 225 1744 in
240 1675 365 1743 ciuitate
386 1677 418 1743 st
440 1676 607 1744 tenimento
621 1676 766 1762 predictis
780 1675 847 1744 fieri
861 1675 967 1754 tacere,
982 1674 1186 1750 concesserat;
1207 1671 1308 1738 dictus

71 1793 249 1875 predecessor
271 1793 311 1860 cd
334 1793 586 1878 supplicationem
615 1792 767 1861 qumnis
789 1795 821 1860 et
843 1793 974 1858 fratrm
995 1790 1199 1877 predictorum
1221 1806 1307 1855 csse·

71 1909 190 1976 rentium
211 1911 286 1976 tunc
314 1909 394 1995 quod
417 1909 570 1994 quondam
592 1910 736 1995 Baptista
758 1909 794 1976 de
816 1909 970 1976 Mulviciis
999 1926 1103 1975 eorum
1125 1905 1254 1992 genitor,
1276 1906 1309 1971 et

69 2024 153 2090 etiarn
173 2025 235 2110 ipsi
256 2044 312 2111 pro
334 2025 560 2092 conservatione
590 2027 690 2092 status
713 2025 794 2092 dicta
823 2024 959 2092 civitatis
987 2023 1155 2109 plurimum
1184 2021 1306 2087 labore·

69 2143 171 2220 rerant
193 2143 224 2208 at
246 2141 328 2225 quod
348 2140 503 2208 interdum
525 2141 660 2208 forenses
682 2159 737 2226 pro
759 2140 936 2208 huiusmodi
957 2139 1131 2207 fornacibus
1153 2137 1215 2204 nisi
1237 2155 1307 2202 cum

69 2254 238 2323 difficultate
260 2256 368 2322 babcri
390 2275 450 2323 non
473 2258 621 2341 poterant,
651 2257 700 2322 rel
724 2257 751 2322 si
773 2257 965 2334 haberentur,
994 2254 1094 2322 eidsm
1118 2253 1213 2320 statui
1236 2271 1306 2318 sus·

68 2372 138 2453 pecti
158 2373 338 2451 existebant,
361 2375 392 2438 et
422 2372 502 2456 quod
524 2373 578 2438 ille
599 2373 694 2441 ctiam
724 2391 793 2439 cunr
822 2372 933 2439 maiori
961 2371 1123 2456 diligentia
1152 2388 1205 2454 per
1225 2368 1307 2436 cives

68 2505 148 2569 quarn
170 2488 304 2556 forenses
327 2487 394 2554 fieri
415 2490 447 2554 et
468 2489 660 2557 manuteneri
682 2490 830 2573 poterunt
853 2488 1007 2556 decretum
1029 2490 1061 2554 et
1082 2484 1307 2554 concessionem

68 2601 230 2670 buiusmcdi
251 2605 352 2670 ratcrn
367 2604 399 2670 et
420 2605 542 2689 gratam
558 2605 682 2684 babens,
704 2605 760 2670 illo
775 2623 829 2689 per
850 2603 998 2690 quasdam
1018 2621 1089 2670 suras
1109 2600 1307 2687 approbasset

67 2719 93 2782 et
112 2720 333 2799 confirmasset,
359 2739 395 2786 ac
418 2721 559 2805 perpetuo
589 2721 749 2788 statuisset
778 2723 810 2786 et
831 2719 1016 2798 ordinasset,
1046 2718 1126 2804 quod
1149 2717 1306 2800 subpono

67 2835 207 2902 antedicto
229 2835 309 2902 nulli
337 2835 432 2902 ctiam
453 2837 528 2902 tunc
549 2835 586 2903 de
615 2839 713 2904 cetero
742 2837 848 2904 liceret
869 2836 904 2902 in
926 2835 1051 2903 ciritcte
1079 2835 1110 2900 et
1137 2833 1306 2900 tenimento

66 2949 197 3031 predictis
219 2951 356 3018 fornaces
374 2951 523 3018 vitrorum
546 2952 723 3020 huiusmodi
744 2951 811 3018 fieri
833 2951 938 3031 lacero,
961 2953 1154 3037 preterquam
1170 2947 1306 3016 Jobauui

66 3067 92 3128 et
104 3065 254 3144 frutribus
277 3065 489 3156 coheredibus
511 3069 543 3132 et
558 3067 783 3134 successoribus
799 3067 970 3146 antedictis
994 3068 1025 3134 st
1047 3065 1112 3132 illis
1127 3062 1304 3132 cedentibus

65 3179 106 3246 rel
135 3181 347 3248 decedentibus
376 3183 431 3249 cut
458 3181 677 3262 deficientibus,
710 3183 764 3248 uni
786 3183 835 3249 vel
863 3183 1002 3267 pluribus
1035 3181 1161 3258 civibus,
1193 3178 1304 3263 quibus

65 3295 180 3377 predicti
195 3297 328 3364 sedecim
350 3297 409 3363 riri
431 3297 468 3364 de
483 3317 631 3365 consensu
653 3299 750 3383 legati
773 3298 854 3366 sedis
870 3299 1034 3384 apostolice
1056 3298 1089 3364 in
1104 3295 1211 3364 codem
1226 3291 1302 3359 civi·

65 3413 119 3478 lete
139 3433 192 3498 pro
215 3415 352 3497 ternpore
374 3413 533 3482 existentis
555 3413 699 3481 ducerent
721 3414 958 3490 concedendum
981 3417 1013 3482 ct
1034 3412 1143 3481 deindo
1164 3412 1214 3497 pie
1236 3430 1303 3478 me·

64 3529 149 3596 morie
176 3529 236 3596 Iao
259 3547 338 3614 pape
360 3527 398 3595 X.
428 3530 502 3597 tunc
530 3529 722 3615 predecessor
750 3531 853 3598 noster
881 3528 918 3596 de
946 3529 1073 3610 decreto,
1103 3529 1304 3610 concessione,

64 3643 288 3722 confirmations,
312 3644 428 3710 statuto
450 3647 482 3712 et
503 3643 693 3712 ordinatione
715 3645 869 3731 predictis,
896 3664 932 3711 ac
954 3645 1095 3712 omnibus
1118 3646 1150 3712 et
1172 3644 1304 3728 singulis

63 3755 152 3824 ineis
167 3759 319 3827 oculus
341 3760 464 3844 plenam
487 3763 519 3827 et
535 3760 743 3828 indubitatum
757 3761 905 3828 noticiam
927 3759 1053 3840 babens,
1076 3779 1112 3826 ac
1133 3759 1303 3840 attendens,

63 3873 133 3954 quod
153 3875 218 3959 ipso
240 3875 301 3940 Iao
324 3874 519 3958 predecessor
540 3895 646 3944 omnes
669 3876 707 3942 dc
728 3876 849 3944 familia
870 3875 1007 3961 predicta
1029 3875 1067 3942 de
1088 3874 1241 3943 Malriciis
1264 3875 1303 3942 ad

61 3988 155 4054 ornnia
175 3990 254 4056 bons
284 3991 316 4055 ot
343 3989 410 4056 iura
432 3990 477 4056 eis
499 3993 531 4058 et
553 3991 679 4058 cuilibet
708 4010 812 4059 eornm
835 3994 906 4058 ante
928 4010 1033 4058 eorum
1055 3989 1262 4075 expulsionem
1285 4011 1304 4057 a

62 4099 133 4168 dictu
161 4105 286 4172 sucu
315 4104 543 4190 quomodolibet
570 4107 774 4192 competentia
802 4109 890 4192 plene
919 4106 1109 4185 restituerat,
1139 4105 1303 4186 decretam,

61 4219 283 4298 concessionem,
314 4221 466 4287 statutum
488 4223 520 4288 et
548 4221 770 4288 ordinationem
799 4221 934 4306 prodicta
963 4223 1049 4288 unctu
1070 4221 1190 4306 proprio
1213 4222 1245 4287 ct
1267 4241 1303 4288 ex

61 4336 135 4400 certa
156 4335 294 4415 sciencia,
318 4355 354 4402 ac
377 4335 414 4404 de
437 4337 600 4422 apostolice
615 4337 778 4422 potestatis
800 4335 989 4424 plenitudino
1011 4356 1066 4421 per
1079 4336 1156 4402 elios
1180 4355 1251 4403 suaa
1269 4337 1303 4403 in

60 4447 148 4516 fornia
169 4451 270 4519 brevis
292 4451 413 4520 litteras
441 4453 652 4522 confirmasset
674 4454 705 4520 et
727 4455 932 4538 approbasset
962 4450 1155 4522 decernentes
1178 4451 1301 4522 irritum
