<?xml version="1.0" encoding="UTF-8"?>
<!DOCTYPE html PUBLIC "-//W3C//DTD XHTML 1.0 Transitional//EN"
    "http://www.w3.org/TR/xhtml1/DTD/xhtml1-transitional.dtd">
<html xmlns="http://www.w3.org/1999/xhtml" xml:lang="en" lang="en">
 <head>
  <title>
</title>
<meta http-equiv="Content-Type" content="text/html;charset=utf-8" />
  <meta name='ocr-system' content='tesseract 3.04.00' />
  <meta name='ocr-capabilities' content='ocr_page ocr_carea ocr_par ocr_line ocrx_word'/>
</head>
<body>
  <div class='ocr_page' id='page_1' title='image "./monumentasaecul00sadogoog_0056.png"; bbox 0 0 3192 4930; ppageno 0'>
   <div class='ocr_carea' id='block_1_1' title="bbox 594 317 816 386">
    <p class='ocr_par' dir='ltr' id='par_1_1' title="bbox 594 317 816 386">
     <span class='ocr_line' id='line_1_1' title="bbox 594 317 816 386; baseline 0 -19"><span class='ocrx_word' id='word_1_1' title='bbox 594 317 816 386; x_wconf 75' lang='lat'><strong>-37..</strong></span> 
     </span>
    </p>
   </div>
   <div class='ocr_carea' id='block_1_2' title="bbox 90 509 1332 3118">
    <p class='ocr_par' dir='ltr' id='par_1_2' title="bbox 90 509 1332 3118">
     <span class='ocr_line' id='line_1_2' title="bbox 99 509 1330 596; baseline 0 -22"><span class='ocrx_word' id='word_1_2' title='bbox 99 509 221 590; x_wconf 79' lang='lat' dir='ltr'>conditio,</span> <span class='ocrx_word' id='word_1_3' title='bbox 244 514 279 577; x_wconf 87' lang='lat' dir='ltr'>ut</span> <span class='ocrx_word' id='word_1_4' title='bbox 302 531 362 577; x_wconf 94' lang='lat' dir='ltr'>non</span> <span class='ocrx_word' id='word_1_5' title='bbox 386 513 428 577; x_wconf 92' lang='lat' dir='ltr'>sit</span> <span class='ocrx_word' id='word_1_6' title='bbox 450 513 537 578; x_wconf 91' lang='lat' dir='ltr'>nobis</span> <span class='ocrx_word' id='word_1_7' title='bbox 561 533 641 578; x_wconf 90' lang='lat' dir='ltr'>nuno</span> <span class='ocrx_word' id='word_1_8' title='bbox 664 511 825 596; x_wconf 84' lang='lat' dir='ltr'>cogitanda</span> <span class='ocrx_word' id='word_1_9' title='bbox 848 511 993 596; x_wconf 79' lang='lat' dir='ltr'>dignitas,</span> <span class='ocrx_word' id='word_1_10' title='bbox 1017 511 1069 578; x_wconf 87' lang='lat' dir='ltr'>sed</span> <span class='ocrx_word' id='word_1_11' title='bbox 1092 530 1145 595; x_wconf 92' lang='lat' dir='ltr'>pro</span> <span class='ocrx_word' id='word_1_12' title='bbox 1169 510 1267 576; x_wconf 85' lang='lat' dir='ltr'>salute</span> <span class='ocrx_word' id='word_1_13' title='bbox 1299 511 1330 574; x_wconf 88' lang='lat' dir='ltr'>et</span> 
     </span>
     <span class='ocr_line' id='line_1_3' title="bbox 99 625 1327 712; baseline -0.001 -21"><span class='ocrx_word' id='word_1_14' title='bbox 99 627 229 694; x_wconf 73' lang='lat' dir='ltr'>tutatione</span> <span class='ocrx_word' id='word_1_15' title='bbox 252 629 436 694; x_wconf 73' lang='lat' dir='ltr'>christianae</span> <span class='ocrx_word' id='word_1_16' title='bbox 459 629 641 712; x_wconf 89' lang='lat' dir='ltr'>reipublicae</span> <span class='ocrx_word' id='word_1_17' title='bbox 665 629 861 706; x_wconf 77' lang='lat' dir='ltr'>sustinemus,</span> <span class='ocrx_word' id='word_1_18' title='bbox 885 647 975 711; x_wconf 85' lang='lat' dir='ltr'>quarn</span> <span class='ocrx_word' id='word_1_19' title='bbox 995 627 1034 692; x_wconf 86' lang='lat' dir='ltr'>ad</span> <span class='ocrx_word' id='word_1_20' title='bbox 1056 629 1224 692; x_wconf 85' lang='lat' dir='ltr'>entremum</span> <span class='ocrx_word' id='word_1_21' title='bbox 1246 625 1327 690; x_wconf 90' lang='lat' dir='ltr'>inte-</span> 
     </span>
     <span class='ocr_line' id='line_1_4' title="bbox 98 740 1327 828; baseline 0 -23"><span class='ocrx_word' id='word_1_22' title='bbox 98 741 174 808; x_wconf 89' lang='lat' dir='ltr'>ritum</span> <span class='ocrx_word' id='word_1_23' title='bbox 196 745 414 827; x_wconf 67' lang='lat' dir='ltr'>prolabentem,</span> <span class='ocrx_word' id='word_1_24' title='bbox 438 744 465 809; x_wconf 91' lang='lat' dir='ltr'>si</span> <span class='ocrx_word' id='word_1_25' title='bbox 488 745 712 828; x_wconf 86' lang='lat' dir='ltr'>aliquantulum</span> <span class='ocrx_word' id='word_1_26' title='bbox 736 744 1017 822; x_wconf 75' lang='lat' dir='ltr'>sustentaverimus</span> <span class='ocrx_word' id='word_1_27' title='bbox 1042 743 1118 808; x_wconf 89' lang='lat' dir='ltr'>satis</span> <span class='ocrx_word' id='word_1_28' title='bbox 1141 759 1247 808; x_wconf 88' lang='lat' dir='ltr'>sumus</span> <span class='ocrx_word' id='word_1_29' title='bbox 1269 740 1327 805; x_wconf 84' lang='lat' dir='ltr'>ha-</span> 
     </span>
     <span class='ocr_line' id='line_1_5' title="bbox 99 857 1329 944; baseline -0.001 -23"><span class='ocrx_word' id='word_1_30' title='bbox 99 857 188 936; x_wconf 66' lang='lat' dir='ltr'>bitum</span> <span class='ocrx_word' id='word_1_31' title='bbox 219 859 298 944; x_wconf 92' lang='lat' dir='ltr'>quod</span> <span class='ocrx_word' id='word_1_32' title='bbox 321 861 373 924; x_wconf 90' lang='lat' dir='ltr'>tua</span> <span class='ocrx_word' id='word_1_33' title='bbox 403 860 547 926; x_wconf 85' lang='lat' dir='ltr'>nobilitas</span> <span class='ocrx_word' id='word_1_34' title='bbox 578 861 678 944; x_wconf 86' lang='lat' dir='ltr'>aliquo</span> <span class='ocrx_word' id='word_1_35' title='bbox 708 860 797 926; x_wconf 94' lang='lat' dir='ltr'>modo</span> <span class='ocrx_word' id='word_1_36' title='bbox 821 878 1000 943; x_wconf 87' lang='lat' dir='ltr'>persuasum</span> <span class='ocrx_word' id='word_1_37' title='bbox 1031 858 1143 924; x_wconf 86' lang='lat' dir='ltr'>habeat</span> <span class='ocrx_word' id='word_1_38' title='bbox 1176 857 1259 922; x_wconf 87' lang='lat' dir='ltr'>teet</span> <span class='ocrx_word' id='word_1_39' title='bbox 1281 875 1329 921; x_wconf 88' lang='lat' dir='ltr'>res</span> 
     </span>
     <span class='ocr_line' id='line_1_6' title="bbox 97 971 1329 1059; baseline 0.002 -25"><span class='ocrx_word' id='word_1_40' title='bbox 97 975 153 1038; x_wconf 86' lang='lat' dir='ltr'>tuas</span> <span class='ocrx_word' id='word_1_41' title='bbox 178 976 267 1040; x_wconf 91' lang='lat' dir='ltr'>nobis</span> <span class='ocrx_word' id='word_1_42' title='bbox 297 993 357 1040; x_wconf 92' lang='lat' dir='ltr'>non</span> <span class='ocrx_word' id='word_1_43' title='bbox 386 995 452 1040; x_wconf 90' lang='lat' dir='ltr'>esse</span> <span class='ocrx_word' id='word_1_44' title='bbox 482 975 572 1052; x_wconf 79' lang='lat' dir='ltr'>cordi,</span> <span class='ocrx_word' id='word_1_45' title='bbox 602 995 686 1059; x_wconf 82' lang='lat' dir='ltr'>quas,</span> <span class='ocrx_word' id='word_1_46' title='bbox 717 977 817 1042; x_wconf 89' lang='lat' dir='ltr'>Deum</span> <span class='ocrx_word' id='word_1_47' title='bbox 845 975 1003 1052; x_wconf 69' lang='lat' dir='ltr'>mutamur,</span> <span class='ocrx_word' id='word_1_48' title='bbox 1034 973 1066 1038; x_wconf 90' lang='lat' dir='ltr'>in</span> <span class='ocrx_word' id='word_1_49' title='bbox 1096 973 1198 1037; x_wconf 86' lang='lat' dir='ltr'>animo</span> <span class='ocrx_word' id='word_1_50' title='bbox 1226 971 1329 1038; x_wconf 91' lang='lat' dir='ltr'>nostro</span> 
     </span>
     <span class='ocr_line' id='line_1_7' title="bbox 97 1084 1330 1176; baseline -0.002 -25"><span class='ocrx_word' id='word_1_51' title='bbox 97 1087 228 1155; x_wconf 86' lang='lat' dir='ltr'>babemus</span> <span class='ocrx_word' id='word_1_52' title='bbox 243 1091 429 1168; x_wconf 80' lang='lat' dir='ltr'>carissimas,</span> <span class='ocrx_word' id='word_1_53' title='bbox 452 1093 647 1176; x_wconf 80' lang='lat' dir='ltr'>nostramque</span> <span class='ocrx_word' id='word_1_54' title='bbox 664 1111 736 1176; x_wconf 84' lang='lat' dir='ltr'>erge</span> <span class='ocrx_word' id='word_1_55' title='bbox 751 1094 781 1157; x_wconf 90' lang='lat' dir='ltr'>te</span> <span class='ocrx_word' id='word_1_56' title='bbox 797 1093 972 1174; x_wconf 86' lang='lat' dir='ltr'>perpetuam</span> <span class='ocrx_word' id='word_1_57' title='bbox 988 1087 1231 1155; x_wconf 77' lang='lat' dir='ltr'>benevolentiam</span> <span class='ocrx_word' id='word_1_58' title='bbox 1246 1084 1330 1151; x_wconf 92' lang='lat' dir='ltr'>omni</span> 
     </span>
     <span class='ocr_line' id='line_1_8' title="bbox 97 1201 1331 1289; baseline 0.001 -24"><span class='ocrx_word' id='word_1_59' title='bbox 97 1209 233 1288; x_wconf 75' lang='lat' dir='ltr'>exparte</span> <span class='ocrx_word' id='word_1_60' title='bbox 262 1225 485 1273; x_wconf 82' lang='lat' dir='ltr'>conservamus:</span> <span class='ocrx_word' id='word_1_61' title='bbox 531 1205 589 1271; x_wconf 86' lang='lat' dir='ltr'>Sed</span> <span class='ocrx_word' id='word_1_62' title='bbox 619 1208 654 1272; x_wconf 90' lang='lat' dir='ltr'>ut</span> <span class='ocrx_word' id='word_1_63' title='bbox 683 1206 794 1272; x_wconf 84' lang='lat' dir='ltr'>accidit</span> <span class='ocrx_word' id='word_1_64' title='bbox 822 1207 855 1271; x_wconf 93' lang='lat' dir='ltr'>in</span> <span class='ocrx_word' id='word_1_65' title='bbox 883 1224 996 1289; x_wconf 82' lang='lat' dir='ltr'>magno</span> <span class='ocrx_word' id='word_1_66' title='bbox 1025 1204 1157 1288; x_wconf 90' lang='lat' dir='ltr'>periculo</span> <span class='ocrx_word' id='word_1_67' title='bbox 1186 1205 1218 1268; x_wconf 89' lang='lat' dir='ltr'>et</span> <span class='ocrx_word' id='word_1_68' title='bbox 1245 1201 1331 1267; x_wconf 89' lang='lat' dir='ltr'>metu</span> 
     </span>
     <span class='ocr_line' id='line_1_9' title="bbox 97 1320 1331 1406; baseline -0.001 -23"><span class='ocrx_word' id='word_1_69' title='bbox 97 1321 200 1399; x_wconf 85' lang='lat' dir='ltr'>positis,</span> <span class='ocrx_word' id='word_1_70' title='bbox 229 1323 264 1386; x_wconf 92' lang='lat' dir='ltr'>ut</span> <span class='ocrx_word' id='word_1_71' title='bbox 286 1321 448 1404; x_wconf 84' lang='lat' dir='ltr'>aliquando</span> <span class='ocrx_word' id='word_1_72' title='bbox 472 1321 565 1387; x_wconf 90' lang='lat' dir='ltr'>simul</span> <span class='ocrx_word' id='word_1_73' title='bbox 588 1342 648 1388; x_wconf 92' lang='lat' dir='ltr'>non</span> <span class='ocrx_word' id='word_1_74' title='bbox 671 1323 774 1388; x_wconf 89' lang='lat' dir='ltr'>omnia</span> <span class='ocrx_word' id='word_1_75' title='bbox 797 1321 934 1406; x_wconf 86' lang='lat' dir='ltr'>expedire</span> <span class='ocrx_word' id='word_1_76' title='bbox 957 1320 1085 1406; x_wconf 77' lang='lat' dir='ltr'>possint</span> <span class='ocrx_word' id='word_1_77' title='bbox 1114 1320 1159 1385; x_wconf 85' lang='lat' dir='ltr'>ita</span> <span class='ocrx_word' id='word_1_78' title='bbox 1181 1337 1237 1384; x_wconf 91' lang='lat' dir='ltr'>nos</span> <span class='ocrx_word' id='word_1_79' title='bbox 1260 1336 1331 1382; x_wconf 91' lang='lat' dir='ltr'>cum</span> 
     </span>
     <span class='ocr_line' id='line_1_10' title="bbox 96 1431 1330 1521; baseline 0.002 -26"><span class='ocrx_word' id='word_1_80' title='bbox 96 1431 190 1500; x_wconf 86' lang='lat' dir='ltr'>borum</span> <span class='ocrx_word' id='word_1_81' title='bbox 205 1437 354 1502; x_wconf 89' lang='lat' dir='ltr'>bellorum</span> <span class='ocrx_word' id='word_1_82' title='bbox 371 1435 570 1516; x_wconf 81' lang='lat' dir='ltr'>atrocitatem,</span> <span class='ocrx_word' id='word_1_83' title='bbox 594 1437 893 1521; x_wconf 87' lang='lat' dir='ltr'>diuturnitatemque‚</span> <span class='ocrx_word' id='word_1_84' title='bbox 909 1457 978 1502; x_wconf 89' lang='lat' dir='ltr'>cum</span> <span class='ocrx_word' id='word_1_85' title='bbox 994 1437 1132 1502; x_wconf 86' lang='lat' dir='ltr'>nationes</span> <span class='ocrx_word' id='word_1_86' title='bbox 1147 1433 1330 1501; x_wconf 83' lang='lat' dir='ltr'>christianas</span> 
     </span>
     <span class='ocr_line' id='line_1_11' title="bbox 98 1550 1330 1632; baseline 0.003 -22"><span class='ocrx_word' id='word_1_87' title='bbox 98 1553 207 1616; x_wconf 79' lang='lat' dir='ltr'>conotm</span> <span class='ocrx_word' id='word_1_88' title='bbox 222 1551 292 1628; x_wconf 82' lang='lat' dir='ltr'>fere,</span> <span class='ocrx_word' id='word_1_89' title='bbox 316 1553 369 1616; x_wconf 88' lang='lat' dir='ltr'>aut</span> <span class='ocrx_word' id='word_1_90' title='bbox 385 1551 585 1617; x_wconf 87' lang='lat' dir='ltr'>seditionibus</span> <span class='ocrx_word' id='word_1_91' title='bbox 601 1554 681 1618; x_wconf 86' lang='lat' dir='ltr'>inter·</span> <span class='ocrx_word' id='word_1_92' title='bbox 697 1573 738 1632; x_wconf 80' lang='lat' dir='ltr'>se,</span> <span class='ocrx_word' id='word_1_93' title='bbox 754 1555 806 1618; x_wconf 86' lang='lat' dir='ltr'>aut</span> <span class='ocrx_word' id='word_1_94' title='bbox 822 1552 1027 1618; x_wconf 82' lang='lat' dir='ltr'>acerbissimis</span> <span class='ocrx_word' id='word_1_95' title='bbox 1042 1552 1132 1618; x_wconf 83' lang='lat' dir='ltr'>bohis</span> <span class='ocrx_word' id='word_1_96' title='bbox 1147 1550 1330 1628; x_wconf 82' lang='lat' dir='ltr'>devastatas,</span> 
     </span>
     <span class='ocr_line' id='line_1_12' title="bbox 95 1665 1330 1751; baseline 0.004 -24"><span class='ocrx_word' id='word_1_97' title='bbox 95 1681 153 1728; x_wconf 88' lang='lat' dir='ltr'>cum</span> <span class='ocrx_word' id='word_1_98' title='bbox 180 1665 346 1732; x_wconf 76' lang='lat' dir='ltr'>&#39;lurcorum</span> <span class='ocrx_word' id='word_1_99' title='bbox 375 1667 447 1746; x_wconf 70' lang='lat' dir='ltr'>dm,</span> <span class='ocrx_word' id='word_1_100' title='bbox 477 1670 508 1732; x_wconf 87' lang='lat' dir='ltr'>et</span> <span class='ocrx_word' id='word_1_101' title='bbox 538 1670 718 1751; x_wconf 88' lang='lat' dir='ltr'>apparatum</span> <span class='ocrx_word' id='word_1_102' title='bbox 749 1668 876 1734; x_wconf 75' lang='lat' dir='ltr'>aridum</span> <span class='ocrx_word' id='word_1_103' title='bbox 905 1666 1039 1751; x_wconf 86' lang='lat' dir='ltr'>quotidie</span> <span class='ocrx_word' id='word_1_104' title='bbox 1068 1667 1157 1733; x_wconf 90' lang='lat' dir='ltr'>nobis</span> <span class='ocrx_word' id='word_1_105' title='bbox 1187 1666 1330 1732; x_wconf 84' lang='lat' dir='ltr'>strabus</span> 
     </span>
     <span class='ocr_line' id='line_1_13' title="bbox 95 1781 1328 1867; baseline 0.003 -24"><span class='ocrx_word' id='word_1_106' title='bbox 95 1781 195 1844; x_wconf 89' lang='lat' dir='ltr'>nostris</span> <span class='ocrx_word' id='word_1_107' title='bbox 216 1782 444 1848; x_wconf 87' lang='lat' dir='ltr'>machinantem</span> <span class='ocrx_word' id='word_1_108' title='bbox 467 1783 640 1866; x_wconf 72' lang='lat' dir='ltr'>aspicimus,</span> <span class='ocrx_word' id='word_1_109' title='bbox 664 1803 734 1849; x_wconf 91' lang='lat' dir='ltr'>cum</span> <span class='ocrx_word' id='word_1_110' title='bbox 750 1783 891 1848; x_wconf 70' lang='lat' dir='ltr'>summus</span> <span class='ocrx_word' id='word_1_111' title='bbox 907 1782 1044 1866; x_wconf 88' lang='lat' dir='ltr'>querelas</span> <span class='ocrx_word' id='word_1_112' title='bbox 1067 1783 1255 1867; x_wconf 87' lang='lat' dir='ltr'>populorum,</span> <span class='ocrx_word' id='word_1_113' title='bbox 1273 1801 1328 1866; x_wconf 86' lang='lat' dir='ltr'>ge-</span> 
     </span>
     <span class='ocr_line' id='line_1_14' title="bbox 95 1894 1330 1983; baseline 0.004 -26"><span class='ocrx_word' id='word_1_114' title='bbox 95 1894 177 1960; x_wconf 85' lang='lat' dir='ltr'>unitus</span> <span class='ocrx_word' id='word_1_115' title='bbox 198 1897 336 1962; x_wconf 90' lang='lat' dir='ltr'>omnium</span> <span class='ocrx_word' id='word_1_116' title='bbox 358 1899 507 1982; x_wconf 82' lang='lat' dir='ltr'>gentium,</span> <span class='ocrx_word' id='word_1_117' title='bbox 537 1919 585 1964; x_wconf 88' lang='lat' dir='ltr'>res</span> <span class='ocrx_word' id='word_1_118' title='bbox 609 1899 844 1964; x_wconf 87' lang='lat' dir='ltr'>christianitatis</span> <span class='ocrx_word' id='word_1_119' title='bbox 875 1899 1052 1983; x_wconf 83' lang='lat' dir='ltr'>profligatas</span> <span class='ocrx_word' id='word_1_120' title='bbox 1083 1900 1114 1963; x_wconf 92' lang='lat' dir='ltr'>et</span> <span class='ocrx_word' id='word_1_121' title='bbox 1135 1897 1279 1983; x_wconf 81' lang='lat' dir='ltr'>perditas,</span> <span class='ocrx_word' id='word_1_122' title='bbox 1303 1897 1330 1963; x_wconf 92' lang='lat' dir='ltr'>si</span> 
     </span>
     <span class='ocr_line' id='line_1_15' title="bbox 94 2013 1330 2098; baseline 0.006 -26"><span class='ocrx_word' id='word_1_123' title='bbox 94 2027 146 2074; x_wconf 90' lang='lat' dir='ltr'>uon</span> <span class='ocrx_word' id='word_1_124' title='bbox 166 2031 284 2078; x_wconf 90' lang='lat' dir='ltr'>omnem</span> <span class='ocrx_word' id='word_1_125' title='bbox 307 2014 397 2078; x_wconf 91' lang='lat' dir='ltr'>rebus</span> <span class='ocrx_word' id='word_1_126' title='bbox 421 2015 563 2079; x_wconf 90' lang='lat' dir='ltr'>omnibus</span> <span class='ocrx_word' id='word_1_127' title='bbox 587 2033 693 2080; x_wconf 87' lang='lat' dir='ltr'>curam</span> <span class='ocrx_word' id='word_1_128' title='bbox 716 2015 858 2080; x_wconf 87' lang='lat' dir='ltr'>adhibere</span> <span class='ocrx_word' id='word_1_129' title='bbox 880 2033 1051 2098; x_wconf 76' lang='lat' dir='ltr'>possumus,</span> <span class='ocrx_word' id='word_1_130' title='bbox 1076 2033 1181 2080; x_wconf 92' lang='lat' dir='ltr'>sumus</span> <span class='ocrx_word' id='word_1_131' title='bbox 1197 2013 1330 2096; x_wconf 83' lang='lat' dir='ltr'>profecto</span> 
     </span>
     <span class='ocr_line' id='line_1_16' title="bbox 96 2127 1330 2214; baseline 0.005 -26"><span class='ocrx_word' id='word_1_132' title='bbox 96 2128 250 2193; x_wconf 82' lang='lat' dir='ltr'>excusandi.</span> <span class='ocrx_word' id='word_1_133' title='bbox 274 2127 380 2212; x_wconf 86' lang='lat' dir='ltr'>Neque</span> <span class='ocrx_word' id='word_1_134' title='bbox 396 2130 452 2194; x_wconf 93' lang='lat' dir='ltr'>hoc</span> <span class='ocrx_word' id='word_1_135' title='bbox 467 2130 534 2196; x_wconf 92' lang='lat' dir='ltr'>ideo</span> <span class='ocrx_word' id='word_1_136' title='bbox 551 2129 721 2210; x_wconf 82' lang='lat' dir='ltr'>scribimus,</span> <span class='ocrx_word' id='word_1_137' title='bbox 745 2131 818 2214; x_wconf 92' lang='lat' dir='ltr'>quin</span> <span class='ocrx_word' id='word_1_138' title='bbox 834 2131 980 2196; x_wconf 85' lang='lat' dir='ltr'>fuerimus</span> <span class='ocrx_word' id='word_1_139' title='bbox 1004 2149 1123 2214; x_wconf 89' lang='lat' dir='ltr'>semper</span> <span class='ocrx_word' id='word_1_140' title='bbox 1140 2129 1174 2194; x_wconf 92' lang='lat' dir='ltr'>in</span> <span class='ocrx_word' id='word_1_141' title='bbox 1188 2127 1330 2194; x_wconf 90' lang='lat' dir='ltr'>omnibus</span> 
     </span>
     <span class='ocr_line' id='line_1_17' title="bbox 93 2243 1332 2329; baseline 0.005 -26"><span class='ocrx_word' id='word_1_142' title='bbox 93 2243 347 2309; x_wconf 89' lang='lat' dir='ltr'>commissionibus</span> <span class='ocrx_word' id='word_1_143' title='bbox 376 2264 430 2327; x_wconf 92' lang='lat' dir='ltr'>per</span> <span class='ocrx_word' id='word_1_144' title='bbox 452 2264 507 2311; x_wconf 92' lang='lat' dir='ltr'>nos</span> <span class='ocrx_word' id='word_1_145' title='bbox 538 2245 618 2311; x_wconf 88' lang='lat' dir='ltr'>datis</span> <span class='ocrx_word' id='word_1_146' title='bbox 641 2265 790 2312; x_wconf 89' lang='lat' dir='ltr'>memores</span> <span class='ocrx_word' id='word_1_147' title='bbox 813 2247 868 2324; x_wconf 80' lang='lat' dir='ltr'>tui,</span> <span class='ocrx_word' id='word_1_148' title='bbox 899 2245 1037 2311; x_wconf 89' lang='lat' dir='ltr'>simodo</span> <span class='ocrx_word' id='word_1_149' title='bbox 1060 2245 1112 2329; x_wconf 90' lang='lat' dir='ltr'>qui</span> <span class='ocrx_word' id='word_1_150' title='bbox 1134 2263 1186 2310; x_wconf 87' lang='lat' dir='ltr'>eas</span> <span class='ocrx_word' id='word_1_151' title='bbox 1215 2244 1332 2310; x_wconf 82' lang='lat' dir='ltr'>executi</span> 
     </span>
     <span class='ocr_line' id='line_1_18' title="bbox 94 2359 1331 2446; baseline 0.006 -28"><span class='ocrx_word' id='word_1_152' title='bbox 94 2359 163 2434; x_wconf 83' lang='lat' dir='ltr'>sunt,</span> <span class='ocrx_word' id='word_1_153' title='bbox 185 2359 337 2423; x_wconf 77' lang='lat' dir='ltr'>mandeba</span> <span class='ocrx_word' id='word_1_154' title='bbox 366 2359 480 2424; x_wconf 88' lang='lat' dir='ltr'>nostris</span> <span class='ocrx_word' id='word_1_155' title='bbox 510 2361 807 2445; x_wconf 80' lang='lat' dir='ltr'>obtemperaverunt3</span> <span class='ocrx_word' id='word_1_156' title='bbox 838 2360 891 2426; x_wconf 89' lang='lat' dir='ltr'>sed</span> <span class='ocrx_word' id='word_1_157' title='bbox 920 2362 991 2446; x_wconf 89' lang='lat' dir='ltr'>quia</span> <span class='ocrx_word' id='word_1_158' title='bbox 1020 2363 1100 2427; x_wconf 90' lang='lat' dir='ltr'>certe</span> <span class='ocrx_word' id='word_1_159' title='bbox 1129 2360 1331 2426; x_wconf 84' lang='lat' dir='ltr'>maximarum</span> 
     </span>
     <span class='ocr_line' id='line_1_19' title="bbox 93 2473 1329 2560; baseline 0.007 -28"><span class='ocrx_word' id='word_1_160' title='bbox 93 2489 182 2536; x_wconf 89' lang='lat' dir='ltr'>rerum</span> <span class='ocrx_word' id='word_1_161' title='bbox 205 2473 408 2540; x_wconf 90' lang='lat' dir='ltr'>sollicitudine</span> <span class='ocrx_word' id='word_1_162' title='bbox 431 2495 597 2559; x_wconf 89' lang='lat' dir='ltr'>suspensus</span> <span class='ocrx_word' id='word_1_163' title='bbox 618 2477 741 2542; x_wconf 89' lang='lat' dir='ltr'>animus</span> <span class='ocrx_word' id='word_1_164' title='bbox 764 2479 795 2542; x_wconf 88' lang='lat' dir='ltr'>et</span> <span class='ocrx_word' id='word_1_165' title='bbox 810 2496 914 2542; x_wconf 91' lang='lat' dir='ltr'>vocem</span> <span class='ocrx_word' id='word_1_166' title='bbox 937 2480 967 2542; x_wconf 88' lang='lat' dir='ltr'>et</span> <span class='ocrx_word' id='word_1_167' title='bbox 992 2477 1112 2543; x_wconf 91' lang='lat' dir='ltr'>vultum</span> <span class='ocrx_word' id='word_1_168' title='bbox 1135 2495 1222 2560; x_wconf 87' lang='lat' dir='ltr'>saepe</span> <span class='ocrx_word' id='word_1_169' title='bbox 1245 2493 1329 2541; x_wconf 91' lang='lat' dir='ltr'>com-</span> 
     </span>
     <span class='ocr_line' id='line_1_20' title="bbox 93 2589 1329 2670; baseline 0.005 -20"><span class='ocrx_word' id='word_1_170' title='bbox 93 2589 187 2665; x_wconf 82' lang='lat' dir='ltr'>mutet,</span> <span class='ocrx_word' id='word_1_171' title='bbox 209 2607 330 2654; x_wconf 86' lang='lat' dir='ltr'>necesse</span> <span class='ocrx_word' id='word_1_172' title='bbox 354 2592 408 2655; x_wconf 88' lang='lat' dir='ltr'>est.</span> <span class='ocrx_word' id='word_1_173' title='bbox 447 2590 578 2657; x_wconf 92' lang='lat' dir='ltr'>Proinde</span> <span class='ocrx_word' id='word_1_174' title='bbox 600 2593 645 2657; x_wconf 88' lang='lat' dir='ltr'>ito</span> <span class='ocrx_word' id='word_1_175' title='bbox 660 2593 800 2657; x_wconf 91' lang='lat' dir='ltr'>volumus</span> <span class='ocrx_word' id='word_1_176' title='bbox 825 2593 1020 2658; x_wconf 89' lang='lat' dir='ltr'>nobilitatem</span> <span class='ocrx_word' id='word_1_177' title='bbox 1043 2595 1128 2658; x_wconf 87' lang='lat' dir='ltr'>tuam</span> <span class='ocrx_word' id='word_1_178' title='bbox 1147 2592 1329 2670; x_wconf 85' lang='lat' dir='ltr'>existimare,</span> 
     </span>
     <span class='ocr_line' id='line_1_21' title="bbox 92 2705 1331 2792; baseline 0.008 -28"><span class='ocrx_word' id='word_1_179' title='bbox 92 2717 122 2763; x_wconf 87' lang='lat' dir='ltr'>ac</span> <span class='ocrx_word' id='word_1_180' title='bbox 142 2705 215 2768; x_wconf 82' lang='lat' dir='ltr'>certo</span> <span class='ocrx_word' id='word_1_181' title='bbox 238 2705 297 2770; x_wconf 90' lang='lat' dir='ltr'>sibi</span> <span class='ocrx_word' id='word_1_182' title='bbox 319 2706 500 2787; x_wconf 86' lang='lat' dir='ltr'>persuadere</span> <span class='ocrx_word' id='word_1_183' title='bbox 523 2727 679 2792; x_wconf 89' lang='lat' dir='ltr'>nunquam</span> <span class='ocrx_word' id='word_1_184' title='bbox 701 2709 854 2775; x_wconf 86' lang='lat' dir='ltr'>exanimo</span> <span class='ocrx_word' id='word_1_185' title='bbox 877 2709 1022 2792; x_wconf 82' lang='lat' dir='ltr'>elapsam,</span> <span class='ocrx_word' id='word_1_186' title='bbox 1045 2727 1142 2792; x_wconf 89' lang='lat' dir='ltr'>neque</span> <span class='ocrx_word' id='word_1_187' title='bbox 1157 2707 1331 2792; x_wconf 87' lang='lat' dir='ltr'>elapsuram</span> 
     </span>
     <span class='ocr_line' id='line_1_22' title="bbox 90 2821 1329 2907; baseline 0.007 -28"><span class='ocrx_word' id='word_1_188' title='bbox 90 2835 149 2881; x_wconf 88' lang='lat' dir='ltr'>esse</span> <span class='ocrx_word' id='word_1_189' title='bbox 162 2821 336 2886; x_wconf 89' lang='lat' dir='ltr'>memoriam</span> <span class='ocrx_word' id='word_1_190' title='bbox 359 2823 390 2886; x_wconf 88' lang='lat' dir='ltr'>et</span> <span class='ocrx_word' id='word_1_191' title='bbox 405 2823 504 2887; x_wconf 90' lang='lat' dir='ltr'>nostri</span> <span class='ocrx_word' id='word_1_192' title='bbox 525 2824 559 2888; x_wconf 93' lang='lat' dir='ltr'>in</span> <span class='ocrx_word' id='word_1_193' title='bbox 574 2826 605 2888; x_wconf 89' lang='lat' dir='ltr'>te</span> <span class='ocrx_word' id='word_1_194' title='bbox 619 2823 757 2907; x_wconf 90' lang='lat' dir='ltr'>perpetui</span> <span class='ocrx_word' id='word_1_195' title='bbox 773 2825 894 2902; x_wconf 85' lang='lat' dir='ltr'>amoris,</span> <span class='ocrx_word' id='word_1_196' title='bbox 918 2825 950 2890; x_wconf 91' lang='lat' dir='ltr'>et</span> <span class='ocrx_word' id='word_1_197' title='bbox 963 2825 1034 2890; x_wconf 84' lang='lat' dir='ltr'>tuae</span> <span class='ocrx_word' id='word_1_198' title='bbox 1057 2823 1279 2890; x_wconf 83' lang='lat' dir='ltr'>conservandae</span> <span class='ocrx_word' id='word_1_199' title='bbox 1294 2841 1329 2888; x_wconf 87' lang='lat' dir='ltr'>ac</span> 
     </span>
     <span class='ocr_line' id='line_1_23' title="bbox 90 2936 1328 3022; baseline 0.007 -27"><span class='ocrx_word' id='word_1_200' title='bbox 90 2936 278 3013; x_wconf 85' lang='lat' dir='ltr'>procurandae</span> <span class='ocrx_word' id='word_1_201' title='bbox 307 2937 480 3022; x_wconf 79' lang='lat' dir='ltr'>dignitatis.</span> <span class='ocrx_word' id='word_1_202' title='bbox 532 2940 647 3005; x_wconf 86' lang='lat' dir='ltr'>Datum</span> <span class='ocrx_word' id='word_1_203' title='bbox 677 2939 793 3006; x_wconf 61' lang='lat' dir='ltr'>Minae</span> <span class='ocrx_word' id='word_1_204' title='bbox 825 2939 874 3004; x_wconf 89' lang='lat' dir='ltr'>die</span> <span class='ocrx_word' id='word_1_205' title='bbox 899 2939 949 3005; x_wconf 84' lang='lat' dir='ltr'>rii.</span> <span class='ocrx_word' id='word_1_206' title='bbox 973 2937 1150 3006; x_wconf 86' lang='lat' dir='ltr'>Decembris</span> <span class='ocrx_word' id='word_1_207' title='bbox 1181 2939 1328 3004; x_wconf 86' lang='lat' dir='ltr'>mdxxiiii.</span> 
     </span>
     <span class='ocr_line' id='line_1_24' title="bbox 91 3046 325 3118; baseline 0.03 -6"><span class='ocrx_word' id='word_1_208' title='bbox 91 3046 169 3115; x_wconf 79' lang='lat' dir='ltr'>tono</span> <span class='ocrx_word' id='word_1_209' title='bbox 190 3052 325 3118; x_wconf 73' lang='lat' dir='ltr'>amando.</span> 
     </span>
    </p>
   </div>
   <div class='ocr_carea' id='block_1_3' title="bbox 487 3316 917 3555">
    <p class='ocr_par' dir='ltr' id='par_1_3' title="bbox 487 3316 917 3555">
     <span class='ocr_line' id='line_1_25' title="bbox 675 3316 727 3382; baseline -0.038 0"><span class='ocrx_word' id='word_1_210' title='bbox 675 3316 727 3382; x_wconf 79' lang='grc'>28.</span> 
     </span>
     <span class='ocr_line' id='line_1_26' title="bbox 487 3481 917 3555; baseline 0 -15"><span class='ocrx_word' id='word_1_211' title='bbox 487 3481 644 3553; x_wconf 77' lang='lat' dir='ltr'>Vlceregi</span> <span class='ocrx_word' id='word_1_212' title='bbox 667 3481 917 3555; x_wconf 76' lang='lat' dir='ltr'>neapolitano.</span> 
     </span>
    </p>
   </div>
   <div class='ocr_carea' id='block_1_4' title="bbox 95 3585 1327 3942">
    <p class='ocr_par' dir='ltr' id='par_1_4' title="bbox 95 3585 1327 3942">
     <span class='ocr_line' id='line_1_27' title="bbox 170 3585 1327 3719; baseline -0.003 -20"><span class='ocrx_word' id='word_1_213' title='bbox 170 3631 284 3701; x_wconf 77' lang='lat' dir='ltr'>liileote</span> <span class='ocrx_word' id='word_1_214' title='bbox 298 3585 360 3702; x_wconf 62' lang='lat' dir='ltr'>tili⁸</span> <span class='ocrx_word' id='word_1_215' title='bbox 384 3633 460 3699; x_wconf 84' lang='lat' dir='ltr'>Cum</span> <span class='ocrx_word' id='word_1_216' title='bbox 477 3633 586 3701; x_wconf 90' lang='lat' dir='ltr'>dilecto</span> <span class='ocrx_word' id='word_1_217' title='bbox 609 3635 672 3700; x_wconf 90' lang='lat' dir='ltr'>tilio</span> <span class='ocrx_word' id='word_1_218' title='bbox 688 3635 777 3700; x_wconf 84' lang='lat' dir='ltr'>abate</span> <span class='ocrx_word' id='word_1_219' title='bbox 791 3633 945 3719; x_wconf 85' lang='lat' dir='ltr'>Nagiarae</span> <span class='ocrx_word' id='word_1_220' title='bbox 967 3634 1085 3700; x_wconf 88' lang='lat' dir='ltr'>abunde</span> <span class='ocrx_word' id='word_1_221' title='bbox 1102 3631 1196 3698; x_wconf 87' lang='lat' dir='ltr'>locuti</span> <span class='ocrx_word' id='word_1_222' title='bbox 1212 3649 1327 3709; x_wconf 89' lang='lat' dir='ltr'>sumus,</span> 
     </span>
     <span class='ocr_line' id='line_1_28' title="bbox 95 3744 1325 3835; baseline 0.003 -29"><span class='ocrx_word' id='word_1_223' title='bbox 95 3744 121 3806; x_wconf 87' lang='lat' dir='ltr'>et</span> <span class='ocrx_word' id='word_1_224' title='bbox 139 3747 173 3812; x_wconf 86' lang='lat' dir='ltr'>ad</span> <span class='ocrx_word' id='word_1_225' title='bbox 193 3769 227 3814; x_wconf 90' lang='lat' dir='ltr'>oa</span> <span class='ocrx_word' id='word_1_226' title='bbox 249 3771 325 3835; x_wconf 88' lang='lat' dir='ltr'>quae</span> <span class='ocrx_word' id='word_1_227' title='bbox 349 3751 414 3834; x_wconf 89' lang='lat' dir='ltr'>ipse</span> <span class='ocrx_word' id='word_1_228' title='bbox 437 3751 525 3816; x_wconf 90' lang='lat' dir='ltr'>nobis</span> <span class='ocrx_word' id='word_1_229' title='bbox 547 3753 601 3816; x_wconf 89' lang='lat' dir='ltr'>tuo</span> <span class='ocrx_word' id='word_1_230' title='bbox 624 3751 745 3816; x_wconf 90' lang='lat' dir='ltr'>nomine</span> <span class='ocrx_word' id='word_1_231' title='bbox 769 3751 896 3830; x_wconf 82' lang='lat' dir='ltr'>rettudit</span> <span class='ocrx_word' id='word_1_232' title='bbox 926 3751 957 3815; x_wconf 90' lang='lat' dir='ltr'>et</span> <span class='ocrx_word' id='word_1_233' title='bbox 980 3749 1018 3815; x_wconf 88' lang='lat' dir='ltr'>od</span> <span class='ocrx_word' id='word_1_234' title='bbox 1041 3768 1076 3815; x_wconf 91' lang='lat' dir='ltr'>ea</span> <span class='ocrx_word' id='word_1_235' title='bbox 1099 3766 1175 3832; x_wconf 87' lang='lat' dir='ltr'>quae</span> <span class='ocrx_word' id='word_1_236' title='bbox 1197 3747 1325 3812; x_wconf 89' lang='lat' dir='ltr'>dilectus</span> 
     </span>
     <span class='ocr_line' id='line_1_29' title="bbox 96 3856 1325 3942; baseline 0.002 -18"><span class='ocrx_word' id='word_1_237' title='bbox 96 3856 257 3930; x_wconf 79' lang='lat' dir='ltr'>iunones</span> <span class='ocrx_word' id='word_1_238' title='bbox 280 3866 396 3931; x_wconf 88' lang='lat' dir='ltr'>Paulus</span> <span class='ocrx_word' id='word_1_239' title='bbox 420 3866 574 3932; x_wconf 89' lang='lat' dir='ltr'>Victorius</span> <span class='ocrx_word' id='word_1_240' title='bbox 598 3867 756 3932; x_wconf 90' lang='lat' dir='ltr'>nobiscum</span> <span class='ocrx_word' id='word_1_241' title='bbox 779 3869 827 3933; x_wconf 90' lang='lat' dir='ltr'>est</span> <span class='ocrx_word' id='word_1_242' title='bbox 849 3867 911 3932; x_wconf 89' lang='lat' dir='ltr'>tuis</span> <span class='ocrx_word' id='word_1_243' title='bbox 935 3866 1034 3932; x_wconf 86' lang='lat' dir='ltr'>verbis</span> <span class='ocrx_word' id='word_1_244' title='bbox 1057 3865 1232 3942; x_wconf 85' lang='lat' dir='ltr'>collocutus,</span> <span class='ocrx_word' id='word_1_245' title='bbox 1255 3880 1325 3927; x_wconf 91' lang='lat' dir='ltr'>cum</span> 
     </span>
    </p>
   </div>
   <div class='ocr_carea' id='block_1_5' title="bbox 95 3976 1325 4532">
    <p class='ocr_par' dir='ltr' id='par_1_5' title="bbox 95 3976 1325 4532">
     <span class='ocr_line' id='line_1_30' title="bbox 95 3976 1323 4068; baseline 0.002 -26"><span class='ocrx_word' id='word_1_246' title='bbox 95 3976 120 4036; x_wconf 71' lang='lat' dir='ltr'>ut</span> <span class='ocrx_word' id='word_1_247' title='bbox 137 3981 202 4060; x_wconf 88' lang='lat' dir='ltr'>quid</span> <span class='ocrx_word' id='word_1_248' title='bbox 224 4003 276 4064; x_wconf 88' lang='lat' dir='ltr'>per</span> <span class='ocrx_word' id='word_1_249' title='bbox 306 3984 428 4048; x_wconf 86' lang='lat' dir='ltr'>abatem</span> <span class='ocrx_word' id='word_1_250' title='bbox 451 3983 539 4048; x_wconf 92' lang='lat' dir='ltr'>nobis</span> <span class='ocrx_word' id='word_1_251' title='bbox 570 3985 785 4068; x_wconf 74' lang='lat' dir='ltr'>proposuisses,</span> <span class='ocrx_word' id='word_1_252' title='bbox 815 3985 846 4048; x_wconf 87' lang='lat' dir='ltr'>et</span> <span class='ocrx_word' id='word_1_253' title='bbox 868 3981 941 4066; x_wconf 91' lang='lat' dir='ltr'>quid</span> <span class='ocrx_word' id='word_1_254' title='bbox 963 4003 1016 4065; x_wconf 90' lang='lat' dir='ltr'>per</span> <span class='ocrx_word' id='word_1_255' title='bbox 1038 3983 1169 4047; x_wconf 88' lang='lat' dir='ltr'>Paulum</span> <span class='ocrx_word' id='word_1_256' title='bbox 1198 3997 1323 4063; x_wconf 91' lang='lat' dir='ltr'>respon·</span> 
     </span>
     <span class='ocr_line' id='line_1_31' title="bbox 97 4087 1325 4181; baseline 0.001 -23"><span class='ocrx_word' id='word_1_257' title='bbox 97 4087 177 4158; x_wconf 78' lang='lat' dir='ltr'>disses</span> <span class='ocrx_word' id='word_1_258' title='bbox 198 4117 333 4164; x_wconf 89' lang='lat' dir='ltr'>essemus</span> <span class='ocrx_word' id='word_1_259' title='bbox 356 4117 426 4164; x_wconf 91' lang='lat' dir='ltr'>cum</span> <span class='ocrx_word' id='word_1_260' title='bbox 449 4099 551 4164; x_wconf 89' lang='lat' dir='ltr'>animo</span> <span class='ocrx_word' id='word_1_261' title='bbox 574 4101 677 4164; x_wconf 90' lang='lat' dir='ltr'>nostro</span> <span class='ocrx_word' id='word_1_262' title='bbox 693 4098 856 4181; x_wconf 84' lang='lat' dir='ltr'>diligenter</span> <span class='ocrx_word' id='word_1_263' title='bbox 878 4099 1032 4164; x_wconf 87' lang='lat' dir='ltr'>meditati:</span> <span class='ocrx_word' id='word_1_264' title='bbox 1057 4097 1110 4163; x_wconf 92' lang='lat' dir='ltr'>sed</span> <span class='ocrx_word' id='word_1_265' title='bbox 1132 4098 1192 4163; x_wconf 89' lang='lat' dir='ltr'>atsi</span> <span class='ocrx_word' id='word_1_266' title='bbox 1213 4115 1248 4160; x_wconf 86' lang='lat' dir='ltr'>en</span> <span class='ocrx_word' id='word_1_267' title='bbox 1270 4095 1325 4160; x_wconf 95' lang='lat' dir='ltr'>illo</span> 
     </span>
     <span class='ocr_line' id='line_1_32' title="bbox 97 4205 1325 4297; baseline 0.006 -24"><span class='ocrx_word' id='word_1_268' title='bbox 97 4205 333 4279; x_wconf 66' lang='lat' dir='ltr'>durescente</span> <span class='ocrx_word' id='word_1_269' title='bbox 362 4214 511 4297; x_wconf 89' lang='lat' dir='ltr'>copiosius</span> <span class='ocrx_word' id='word_1_270' title='bbox 535 4215 648 4293; x_wconf 81' lang='lat' dir='ltr'>audies,</span> <span class='ocrx_word' id='word_1_271' title='bbox 679 4215 777 4280; x_wconf 87' lang='lat' dir='ltr'>nostri</span> <span class='ocrx_word' id='word_1_272' title='bbox 798 4217 902 4280; x_wconf 78' lang='lat' dir='ltr'>tamm</span> <span class='ocrx_word' id='word_1_273' title='bbox 925 4214 1018 4280; x_wconf 87' lang='lat' dir='ltr'>officii</span> <span class='ocrx_word' id='word_1_274' title='bbox 1047 4233 1153 4280; x_wconf 88' lang='lat' dir='ltr'>sumus</span> <span class='ocrx_word' id='word_1_275' title='bbox 1183 4213 1325 4280; x_wconf 85' lang='lat' dir='ltr'>arbitrati</span> 
     </span>
     <span class='ocr_line' id='line_1_33' title="bbox 97 4317 1325 4414; baseline 0.004 -25"><span class='ocrx_word' id='word_1_276' title='bbox 97 4317 190 4390; x_wconf 77' lang='lat' dir='ltr'>litteris</span> <span class='ocrx_word' id='word_1_277' title='bbox 217 4348 311 4411; x_wconf 86' lang='lat' dir='ltr'>pauca</span> <span class='ocrx_word' id='word_1_278' title='bbox 340 4330 551 4414; x_wconf 85' lang='lat' dir='ltr'>perstringere.</span> <span class='ocrx_word' id='word_1_279' title='bbox 598 4330 662 4396; x_wconf 90' lang='lat' dir='ltr'>Nos</span> <span class='ocrx_word' id='word_1_280' title='bbox 692 4350 750 4414; x_wconf 90' lang='lat' dir='ltr'>quo</span> <span class='ocrx_word' id='word_1_281' title='bbox 780 4331 880 4414; x_wconf 84' lang='lat' dir='ltr'>magis</span> <span class='ocrx_word' id='word_1_282' title='bbox 904 4349 938 4396; x_wconf 88' lang='lat' dir='ltr'>oc</span> <span class='ocrx_word' id='word_1_283' title='bbox 967 4331 1067 4414; x_wconf 85' lang='lat' dir='ltr'>magis</span> <span class='ocrx_word' id='word_1_284' title='bbox 1097 4329 1267 4413; x_wconf 83' lang='lat' dir='ltr'>oogilamus</span> <span class='ocrx_word' id='word_1_285' title='bbox 1290 4347 1325 4395; x_wconf 87' lang='lat' dir='ltr'>ea</span> 
     </span>
     <span class='ocr_line' id='line_1_34' title="bbox 96 4445 1324 4532; baseline 0.007 -28"><span class='ocrx_word' id='word_1_286' title='bbox 96 4454 158 4518; x_wconf 82' lang='lat' dir='ltr'>quae</span> <span class='ocrx_word' id='word_1_287' title='bbox 177 4445 329 4512; x_wconf 88' lang='lat' dir='ltr'>nobilitati</span> <span class='ocrx_word' id='word_1_288' title='bbox 350 4449 419 4512; x_wconf 86' lang='lat' dir='ltr'>tuae</span> <span class='ocrx_word' id='word_1_289' title='bbox 448 4446 641 4532; x_wconf 87' lang='lat' dir='ltr'>proponenda</span> <span class='ocrx_word' id='word_1_290' title='bbox 670 4447 892 4527; x_wconf 82' lang='lat' dir='ltr'>mandavimus,</span> <span class='ocrx_word' id='word_1_291' title='bbox 921 4447 979 4512; x_wconf 91' lang='lat' dir='ltr'>hoc</span> <span class='ocrx_word' id='word_1_292' title='bbox 1002 4465 1108 4512; x_wconf 89' lang='lat' dir='ltr'>sumus</span> <span class='ocrx_word' id='word_1_293' title='bbox 1136 4447 1171 4511; x_wconf 94' lang='lat' dir='ltr'>in</span> <span class='ocrx_word' id='word_1_294' title='bbox 1192 4446 1324 4530; x_wconf 86' lang='lat' dir='ltr'>pristina</span> 
     </span>
    </p>
   </div>
   <div class='ocr_carea' id='block_1_6' title="bbox 0 0 1600 4930">
    <p class='ocr_par' dir='ltr' id='par_1_6' title="bbox 0 0 1600 4930">
     <span class='ocr_line' id='line_1_35' title="bbox 0 0 1600 4930; baseline 0 2"><span class='ocrx_word' id='word_1_295' title='bbox 0 0 1600 4930; x_wconf 95' lang='lat' dir='ltr'> </span> 
     </span>
    </p>
   </div>
  </div>
 </body>
</html>
