3192 4930
772 239 999 305 ..45-

262 429 389 512 numni
413 430 516 496 nuncii
538 433 635 496 nestri
649 433 847 516 cognovimus
869 433 972 516 ipsum
987 451 1104 516 queque
1127 433 1358 499 serenissimum
1372 431 1489 498 Cesaren

266 543 305 608 ad
330 543 428 610 studia
451 547 534 628 pasis
556 547 632 614 bene
654 567 836 631 propensum
860 567 934 612 esse.
973 551 1117 614 Amorem
1140 549 1264 632 quidem
1285 553 1420 614 nostrum
1439 549 1489 612 eui·

265 659 360 724 mium
390 663 421 726 et
450 661 634 744 singularem
664 683 736 746 erge
765 663 862 747 ipsius
893 665 1089 728 serenitatem
1119 665 1163 728 sie
1192 667 1224 728 et
1252 665 1442 746 praeferimus
1466 664 1491 726 iu
1585 695 1586 704 κ

264 775 404 840 omnibus
427 775 517 840 dietis
547 777 694 860 tactisque
717 777 839 856 uostris,
868 781 900 843 et
922 780 955 844 in
978 779 1080 844 animo
1103 798 1318 844 conservamus
1348 797 1491 860 sumusque

264 900 405 974 perpetue
429 894 584 968 seruaturi,
609 897 642 957 ut
657 895 734 958 nihil
750 895 911 970 commodi,
934 897 965 959 et
980 893 1107 959 fiduciae
1123 895 1211 960 nobis
1234 895 1311 977 ipsis
1327 895 1492 978 petierimus

262 1007 336 1090 quin
359 1006 437 1072 idem
461 1007 509 1072 illi
530 1008 696 1091 cupiamus,
726 1027 888 1092 pacemque
912 1009 944 1074 'm
966 1009 1076 1093 primis
1098 1011 1177 1074 sutis
1199 1011 1342 1082 omnibus
1365 1013 1493 1094 optemus,

262 1141 297 1186 ex
319 1143 378 1206 qua
401 1122 428 1187 si
450 1122 599 1190 Dominus
621 1143 689 1190 eam
712 1125 800 1190 nubis
823 1126 1012 1202 euueesseuit
1035 1145 1096 1191 nen
1118 1124 1293 1190 dubitamus
1317 1125 1493 1190 serenitatem
1586 1129 1587 1170 t

263 1237 359 1322 ipsius
388 1238 488 1302 maius
510 1239 607 1304 multu
636 1240 875 1306 emolumentum
905 1243 937 1304 et
960 1241 1106 1306 maiorem
1129 1241 1260 1324 gloriam
1283 1242 1493 1324 acquisiturum
1586 1245 1587 1252 ’

263 1351 322 1418 seu
344 1353 380 1418 ds
404 1353 452 1418 his
474 1354 615 1419 omnibus
638 1355 731 1420 latius
753 1375 823 1420 eum
853 1356 1013 1421 nobilitate
1036 1359 1088 1419 tua
1118 1357 1247 1422 dilectus
1269 1355 1353 1420 filius
1375 1356 1492 1420 Bemer·

264 1467 353 1533 dinus
377 1467 573 1534 (installarius
596 1471 779 1536 camerarius
802 1473 904 1536 noster
927 1475 1006 1554 aget
1030 1472 1079 1536 eui
1101 1471 1193 1537 fidem
1216 1472 1350 1536 habebit
1398 1471 1495 1535 Datum

265 1583 378 1648 Itomae
402 1587 456 1648 ete,
480 1583 533 1649 iiii
556 1583 697 1651 Jauuarii
719 1586 837 1652 minu.
882 1587 972 1652 Anne
995 1585 1131 1652 seeundo.

861 1873 913 1940 34.

640 2123 644 2132 η
740 2037 826 2110 Regu
850 2029 1031 2115 scotiam)

350 2185 514 2254 Carissimo
535 2191 590 2254 ete.
634 2189 703 2254 ussi
725 2191 928 2274 superioribus
946 2179 1057 2256 ¹(linitus
1080 2211 1134 2273 per
1155 2191 1233 2256 alias
1254 2191 1376 2256 litteras
1393 2195 1500 2256 nostrus
1588 2189 1589 2192 ’

264 2303 436 2370 celsitudini
458 2307 528 2369 tuae
550 2304 696 2388 gratulati
712 2305 799 2371 illam
823 2306 917 2372 etism
939 2305 1073 2371 letitiam
1089 2307 1226 2371 nostrum
1242 2307 1299 2371 tibi
1323 2305 1501 2392 significavi·

264 2439 332 2486 mus
355 2439 446 2504 quam
470 2439 504 2486 su
528 2439 629 2485 emere
645 2422 676 2486 et
697 2421 907 2487 coniunctione
929 2421 1055 2486 intente
1078 2423 1109 2486 et
1125 2421 1319 2486 carissimum
1342 2422 1375 2487 in
1390 2421 1502 2486 Christe

264 2535 362 2602 filium
386 2537 523 2600 uestrum
547 2535 712 2601 Henrieum
735 2556 839 2620 regem
862 2537 993 2621 Angliue
1022 2537 1093 2601 fidei
1116 2535 1304 2602 defensorem
1328 2537 1503 2602 auunculum
1588 2530 1589 2547 ¹

263 2653 350 2717 tuum
374 2669 619 2733 conceperamus:
643 2653 746 2716 tamen
762 2671 831 2716 eum
847 2653 952 2735 postea
974 2651 1012 2716 de
1026 2651 1207 2733 quibusdam
1225 2651 1422 2718 mouusteiiis
1437 2669 1503 2735 quae

264 2768 296 2833 in
319 2785 412 2852 regno
435 2767 487 2831 tue
517 2767 696 2831 vacaverant
725 2767 756 2830 et
777 2769 811 2830 tu
835 2766 874 2831 ad
896 2785 951 2832 nus
974 2785 1009 2831 uu
1038 2767 1172 2849 primum
1201 2766 1234 2831 in
1257 2786 1375 2850 genere,
1405 2764 1504 2832 deinde

265 2883 358 2948 etium
382 2881 603 2965 particularius,
628 2883 765 2947 aceurate
788 2884 820 2947 et
842 2881 1004 2965 diligenter
1025 2881 1107 2946 idem
1132 2881 1279 2946 Hemieus
1309 2901 1359 2947 reu
1382 2881 1507 2966 Angliee

264 2997 444 3082 scripsisset,
474 2999 563 3080 teque
585 2998 616 3060 et
638 2997 754 3061 statum
783 2995 973 3062 celsitudinis
997 2997 1066 3062 tuae
1097 3015 1202 3079 resque
1224 2997 1294 3060 tuus
1323 3015 1431 3062 omnes
1454 2995 1507 3060 sibi

266 3113 309 3180 itu
339 3111 421 3179 cordi
450 3133 515 3178 esse
546 3111 711 3177 declararet
733 3112 768 3176 ut
790 3130 845 3176 uus
876 3129 1065 3194 summopere
1094 3113 1266 3194 precaretuu
1294 3113 1412 3194 utque
1442 3129 1508 3194 erga

263 3230 364 3316 ipsum
388 3229 489 3294 anime
513 3229 602 3312 utque
625 3245 727 3292 amore
742 3246 886 3304 essemus,
910 3225 1015 3292 eodem
1037 3245 1110 3310 erga
1132 3227 1163 3290 te
1185 3245 1252 3290 esse
1267 3225 1434 3307 vellemus,
1458 3227 1508 3290 hus

263 3345 357 3411 etiam
380 3345 491 3410 alteras
507 3343 546 3409 ud
569 3341 789 3426 tedirigendas
805 3327 961 3408 duximus:
984 3343 1118 3425 primum
1141 3341 1199 3406 tibi
1221 3340 1317 3406 denuo
1333 3335 1509 3407 nunciantes

263 3463 384 3544 grutam
408 3459 494 3524 nubis
524 3458 686 3524 admodum
718 3477 784 3523 esse
807 3458 886 3524 hene
907 3475 1052 3540 personae
1081 3459 1151 3522 tuae
1174 3455 1213 3520 ud
1235 3475 1364 3541 reguum
1394 3457 1508 3521 exulta·

263 3576 387 3654 tiunem,
410 3593 588 3660 sperareque
612 3592 666 3638 nos
689 3575 720 3638 et
742 3573 891 3639 confidere
913 3591 1005 3657 quum
1028 3573 1098 3637 huie
1115 3573 1237 3636 sanetae
1259 3571 1324 3636 sedi
1346 3573 1509 3636 observan-

262 3693 339 3760 tiam
368 3695 454 3776 peter
476 3709 550 3756 evus
574 3692 605 3755 et
633 3689 763 3754 maiores
787 3689 832 3754 tui
854 3689 1060 3772 prestiterunt
1090 3687 1216 3753 eandem
1239 3689 1270 3753 te
1298 3687 1512 3770 prestitumm:

263 3807 370 3876 deinde
393 3807 498 3872 offerre
520 3824 575 3871 nos
598 3803 656 3869 tibi
679 3806 710 3870 et
732 3803 856 3886 polieeri
878 3823 947 3868 eum
965 3805 1126 3887 paternum
1150 3801 1285 3868 studium
1302 3801 1399 3866 animi
1422 3805 1512 3884 atque

263 3921 404 3990 affectum
427 3921 466 3987 ad
481 3940 528 3986 res
552 3923 621 3986 tuas
637 3919 780 3984 fovendas
802 3919 1008 4002 iuvandesque
1023 3938 1112 4000 quem
1136 3916 1267 4000 pesteris
1290 3917 1363 3982 beni
1378 3917 1512 3982 officium

360 4183 376 4242 Ι)
396 4184 497 4232 Jucobus
516 4184 533 4228 1·
553 4183 643 4232 iuvenis
662 4181 744 4239 adhuc,
763 4182 802 4238 qui
822 4193 882 4228 enno
906 4179 969 4229 1518
989 4179 1079 4227 duobus
1103 4179 1172 4226 anule
1189 4181 1259 4226 nutus
1283 4179 1427 4225 aueeesseuut
1454 4179 1515 4237 putri

261 4282 346 4332 Jacobu
365 4283 410 4336 lv:
438 4281 482 4330 hee
508 4283 612 4342 tempore
638 4279 739 4328 noudum
765 4279 794 4326 ud
820 4280 1011 4336 substantionem
1030 4280 1143 4336 maturus,
1169 4278 1220 4324 erut
1245 4277 1287 4322 sub
1312 4275 1389 4324 tutele
1414 4275 1516 4323 ioannis

260 4379 465 4434 mensuetus.
