3132 4910
777 293 1022 365 -364-

360 491 429 559 Iam
451 491 528 559 bene
549 491 738 560 censiderare
760 491 873 576 peterit
894 511 922 558 v.
944 511 968 559 s.
990 511 1031 559 m.
1054 491 1257 576 exploratores
1287 509 1355 558 sues
1375 510 1406 558 en
1425 489 1496 557 omni

272 610 358 694 parte
381 608 468 694 regni
484 609 532 674 eui
554 608 693 694 quirem
714 607 870 686 dixerunt3
893 626 949 693 ege
964 607 1010 674 ita
1030 607 1169 675 intellexi
1183 608 1219 674 ut
1233 607 1342 674 Caesar
1363 627 1412 674 nec
1424 625 1495 673 wm-

272 726 360 792 buuet
375 743 430 792 nec
452 725 583 793 rusticus
598 723 751 811 captivare
773 723 849 791 fae't
870 725 902 792 et
916 723 1124 809 indempniter
1144 724 1256 810 ubique
1271 723 1400 809 procedit
1418 722 1497 791 etiam

272 839 306 908 iu
327 860 421 927 regno
443 845 506 909 mi·
523 861 547 908 s.
562 861 589 908 v.

360 956 451 1024 Nune
473 957 626 1025 ordinauit
647 976 737 1024 curus
758 957 817 1024 iiim
842 975 896 1041 pre
917 956 1051 1042 ingeniis
1081 976 1136 1042 pro
1158 957 1253 1043 tignis
1276 959 1307 1024 et
1328 957 1499 1042 tabulisque

272 1073 388 1141 dudum
410 1073 483 1142 fecit
503 1073 569 1141 fieri
592 1073 642 1140 hic
665 1075 697 1141 et
718 1073 752 1141 iu
773 1070 966 1158 longitudine
987 1073 1122 1140 Danubii
1151 1093 1205 1159 pre
1227 1074 1371 1159 pentibus
1391 1073 1499 1140 itemst

272 1209 326 1275 pro
348 1192 493 1258 cernente.

362 1306 490 1374 Ievavit
508 1306 688 1373 summatim
706 1307 906 1391 pertinentias
920 1307 1150 1392 propinquiores
1171 1308 1203 1374 et
1217 1325 1323 1375 omnes
1344 1307 1451 1374 hubent
1468 1303 1499 1370 li·
1561 1291 1562 1368 i

273 1441 368 1508 genes
389 1423 481 1509 atque
504 1423 643 1503 securim,
665 1422 804 1490 intellexi
826 1423 906 1509 qued
927 1423 1053 1491 interim
1075 1443 1136 1492 nou
1158 1423 1282 1490 adducit
1296 1424 1377 1490 uires
1397 1423 1500 1490 reveles

272 1539 334 1606 nisi
355 1537 441 1624 prius
462 1539 546 1606 istud
561 1541 696 1606 casinum
710 1541 746 1606 ut
760 1540 903 1625 promisit
917 1559 978 1608 neu
992 1541 1131 1626 accipiat,
1153 1539 1233 1626 qued
1250 1539 1317 1625 ipse
1331 1537 1501 1626 parvipendit

273 1657 304 1722 et
326 1673 379 1741 pre
402 1657 562 1741 gentacule
584 1655 770 1734 neminavit;
801 1657 854 1724 sed
877 1657 905 1724 si
927 1676 1011 1725 mv.
1034 1657 1128 1724 vellet
1157 1676 1311 1741 sperarem
1341 1675 1395 1742 ege
1414 1657 1500 1722 umen

272 1771 306 1838 in
329 1771 452 1840 dominc
467 1773 531 1840 Deo
554 1771 635 1859 qued
656 1773 688 1839 et
710 1772 873 1857 prandium
895 1775 927 1840 et
941 1792 1048 1840 cenam
1071 1774 1128 1840 sub
1150 1792 1185 1840 ee
1207 1792 1383 1841 consumere
1403 1772 1498 1858 posset

272 1889 377 1956 temen
400 1889 429 1954 si
450 1909 490 1956 m.
506 1908 534 1956 v.
550 1907 611 1956 uon
626 1889 785 1970 curaverit
807 1889 865 1956 erit
881 1890 1026 1974 possibile
1048 1889 1163 1956 iuream
1181 1889 1217 1956 nt
1239 1889 1282 1955 sit
1302 1887 1351 1955 illi
1368 1907 1418 1974 pre
1436 1906 1497 1973 gen·

273 2005 374 2070 uculo
397 2056 404 2070 .
428 2057 435 2071 .
458 2057 466 2072 .
490 2005 534 2071 Ex
557 2005 656 2071 castro
679 2005 883 2086 Waradiensi,
912 2005 987 2072 feria
1016 2005 1124 2091 quinta
1145 2005 1284 2090 proxima
1312 2007 1381 2090 pest
1406 2003 1496 2071 raum

274 2119 471 2188 Visitaiicnis
491 2119 598 2202 Maria,
620 2140 700 2189 aune
722 2121 854 2189 mdmvi

516 2237 550 2303 Ε.
567 2256 594 2304 v.
616 2253 774 2322 generem
796 2237 825 2305 d.
848 2239 880 2304 et
903 2257 987 2306 sacre
1010 2257 1033 2306 e.
1056 2237 1157 2304 fidelis
1179 2253 1301 2323 eppe¹1⁸
1324 2236 1499 2322 tappellauns

836 2351 1008 2422 Celeceusis
1030 2372 1080 2440 pp.
1102 2372 1208 2430 mauu

864 2587 939 2655 275.

647 2753 812 2814 Clemens
834 2753 908 2814 v11.
929 2753 1061 2815 carolo
1078 2745 1152 2834 Ψ)

720 2861 818 2950 (Arm.
831 2863 944 2930 LXIE
959 2861 999 2929 N.
1016 2861 1084 2951 88).

754 2978 918 3066 (uariunii
935 2977 1044 3066 1526).

362 3139 527 3207 durissime
548 3141 605 3206 etc.
649 3138 721 3205 Nou
743 3157 818 3225 epus
840 3158 907 3206 esse
936 3139 1089 3206 eredimus
1117 3139 1198 3224 apud
1221 3140 1412 3207 serenitatem
1429 3139 1493 3203 tun

272 3257 382 3325 multis
404 3256 505 3324 verbis
527 3256 574 3322 uti
601 3254 640 3321 ad
661 3255 933 3323 demonstrandum
962 3254 1107 3340 quoiam
1128 3275 1183 3340 per
1205 3257 1268 3323 tres
1290 3273 1384 3323 annes
1410 3249 1493 3324 suda

274 3374 384 3460 quibus
399 3391 455 3440 nes
470 3371 551 3439 curis
570 3371 602 3438 et
615 3371 795 3452 actionibus,
818 3387 836 3436 a
857 3370 956 3438 nostri
971 3370 1113 3438 videlicet
1126 3371 1323 3455 pontificatue
1337 3370 1426 3449 initio,
1443 3369 1491 3432 tuu

273 3509 380 3577 pacem
401 3505 593 3558 communem
616 3487 712 3554 totim
735 3487 896 3554 christiani
910 3487 1053 3567 neminis,
1076 3489 1144 3554 tum
1166 3486 1312 3572 privatim
1334 3487 1414 3553 tuam
1432 3479 1490 3549 ami·

273 3606 380 3674 citiam
401 3607 434 3672 et
458 3603 700 3672 coniunctionem
722 3602 880 3670 uobiscum
902 3603 1164 3689 procuraverimus
1184 3605 1276 3689 atque
1298 3600 1491 3689 appetiuimus

275 3723 347 3791 sunt
368 3721 452 3789 euim
474 3719 578 3788 omnia
600 3721 669 3787 aeta
690 3720 883 3806 cogitateque
905 3719 1011 3786 uestra
1032 3718 1092 3786 tibi
1113 3719 1332 3805 propemedum
1353 3735 1423 3804 eque
1440 3713 1492 3781 ret

274 3859 310 3905 ac
332 3837 428 3906 uobis.
468 3835 582 3904 Sumne
604 3855 660 3903 noe
682 3835 805 3921 quidem
827 3834 930 3902 ceneci
951 3834 1030 3903 nihil
1044 3835 1295 3920 praetermisisse
1317 3834 1396 3922 qued
1413 3824 1494 3898 relat

273 3955 346 4022 beni
374 3952 505 4040 pastoris
534 3952 669 4019 officium
697 3971 771 4037 erga
798 3952 975 4020 uniuersum
1003 3970 1142 4037 gregem,
1172 3953 1221 4020 vel
1243 3951 1282 4018 ad
1304 3950 1402 4018 fidelis
1426 3941 1495 4013 amici

274 4070 412 4138 animum
434 4069 468 4137 in
490 4070 576 4138 tuam
599 4067 795 4136 serenitatem
818 4067 977 4154 speciatim
998 4067 1171 4153 pertineret
1209 4065 1344 4149 Quorum
1370 4069 1403 4132 tn
1422 4065 1494 4130 bene·

275 4205 343 4254 rum
366 4203 491 4271 operum
514 4185 604 4271 atque
620 4185 733 4252 ameris
756 4185 878 4270 argete
900 4183 998 4250 nostri
1020 4203 1091 4252 enm
1106 4203 1211 4252 sumus
1234 4183 1349 4250 exitum
1364 4174 1495 4252 ensem

369 4362 388 4432 ¹)
406 4365 470 4416 Hm
486 4365 595 4428 optabit,
613 4367 654 4416 sed
671 4366 740 4424 lente
752 4366 879 4415 reminieri
896 4367 922 4416 et
938 4365 1051 4414 mutationi
1069 4366 1167 4425 ideoque
1184 4367 1233 4415 dere
1244 4365 1333 4416 infideli
1351 4367 1425 4423 ferma
1439 4373 1452 4407 a
1465 4355 1495 4404 Sc·

275 4463 357 4512 bellice
375 4466 401 4512 et
419 4463 539 4521 &muco
556 4465 620 4514 edite
637 4467 689 4524 ατς
706 4477 768 4513 ncnc
785 4465 901 4522 intem
919 4464 945 4514 et
960 4463 1036 4514 terma
1053 4465 1178 4524 eencmem
1194 4465 1284 4514 dmm.
