3132 4910
563 329 805 396 -299-

75 523 232 590 huiusmodi
255 523 391 603 scientia,
413 525 593 591 auctoritate
615 525 647 592 et
668 527 772 591 tenore
794 523 938 610 predictis
956 525 1158 610 approbantes
1181 527 1212 593 et
1233 545 1307 594 oon·

75 641 224 716 firmmtes,
254 660 290 708 aa
319 641 422 708 omnia
450 643 482 706 et
511 641 634 726 singula
662 641 696 706 iu
724 641 769 707 eis
799 642 924 720 statuta
954 641 1086 724 deomta
1115 643 1256 710 ordinata
1277 647 1309 712 et

73 775 200 822 mnoeess
229 757 267 823 de
289 776 365 824 noro
397 759 575 841 statuentes,
606 763 809 844 decernentes,
839 764 1014 832 ordinantes
1043 766 1075 831 et
1102 764 1308 843 concedentes,

74 875 210 956 predictos
240 877 439 945 Laurentium
461 880 492 946 et
515 879 675 948 Gaesarem
705 882 745 948 ad
767 899 871 949 eorum
893 882 941 948 ius
971 881 1146 948 huiusmodi
1175 881 1309 964 plenarie

73 993 99 1055 et
111 991 224 1078 integre
239 994 439 1074 restituimus,
462 995 636 1080 districtius
651 999 826 1066 inhibentes
841 999 958 1083 prefato
973 997 1173 1065 Nascentorio
1196 1001 1227 1065 et
1241 998 1308 1063 cui-

74 1137 177 1202 cunque
205 1119 294 1185 alteri
324 1118 381 1184 sub
411 1117 631 1204 indignationis
661 1120 824 1204 apostolice
853 1120 885 1186 et
910 1118 1093 1198 rebellionis,
1123 1137 1159 1183 ac
1181 1117 1308 1183 duorum

73 1233 193 1301 millium
215 1234 394 1301 ducatcmm
417 1235 483 1301 aori
506 1235 543 1302 de
572 1253 691 1302 camera
714 1255 768 1320 pro
791 1253 851 1302 uua
875 1253 993 1302 camere
1015 1235 1179 1319 apostolice
1202 1235 1233 1300 et
1248 1233 1310 1300 alia

74 1349 276 1417 medietatibus
305 1351 468 1418 Laurentio
491 1353 522 1418 et
545 1351 666 1418 Caesari
695 1351 839 1436 predictis
869 1351 1116 1436 applicandorum
1146 1350 1242 1436 penis,
1271 1371 1310 1417 ne

71 1467 164 1531 costra
178 1466 290 1534 decreti
312 1468 344 1534 et
358 1467 560 1534 concessionis
583 1467 713 1535 sedecim
730 1468 873 1547 virorum,
896 1487 931 1534 ac
953 1465 1033 1533 Sinti
1054 1468 1085 1534 et
1106 1468 1216 1535 Leonis
1238 1486 1308 1552 pre·

71 1581 250 1651 decessorum
273 1583 448 1652 huiusmodi
471 1603 506 1650 ac
521 1585 708 1668 presentium
730 1585 903 1651 litterarum
923 1587 1067 1664 tenorem,
1089 1583 1184 1650 etiem
1206 1584 1311 1669 rigore

70 1701 232 1766 nostrarum
253 1701 427 1768 litterarum
449 1699 548 1768 eidem
570 1701 770 1768 Nasceutcrio
800 1720 1011 1768 concessarum
1041 1700 1254 1786 predictarum,
1276 1701 1310 1767 iu

72 1815 184 1883 civitate
215 1837 268 1883 seu
300 1817 452 1884 territorio
484 1817 628 1901 predictis
660 1819 796 1884 fornaces
827 1818 976 1884 mucram
1008 1819 1121 1902 absque
1159 1817 1309 1884 dictorum

72 1930 216 1998 laurentii
231 1936 263 1999 et
278 1931 416 2000 Caesaris
431 1934 481 2000 rel
503 1953 710 2000 successorum
726 1934 930 2018 predictorum
946 1953 1094 2000 consensu
1108 1935 1162 1998 aut
1176 1933 1309 2013 licentia,

71 2047 171 2126 tenere,
192 2051 246 2114 aut
267 2048 348 2115 vitra
370 2049 545 2116 huiusmodi
575 2050 723 2116 fabricare
755 2069 807 2115 seu
831 2049 973 2115 fabricari
996 2049 1094 2116 iacere
1122 2052 1308 2134 presumant.

71 2159 204 2240 Quocirca
226 2164 348 2230 dilectis
370 2165 445 2231 liliis
468 2165 622 2232 modernis
644 2169 676 2232 et
697 2185 752 2250 pro
774 2168 909 2250 tempora
932 2165 1132 2232 existentibus
1154 2167 1256 2251 legato
1279 2167 1310 2232 et

71 2276 277 2346 locumtenenti
298 2281 373 2358 eius,
396 2300 431 2347 ac
453 2282 649 2366 gubernatori
671 2301 725 2367 pro
747 2283 835 2349 nobis
858 2300 878 2348 a
900 2281 970 2348 sede
992 2282 1158 2365 apostolica
1180 2282 1214 2348 in
1229 2282 1310 2348 dicta

72 2394 184 2461 deitate
205 2399 261 2463 etc.
285 2395 476 2476 mandemus,
500 2398 646 2482 quatinus
668 2398 729 2482 ipsi
751 2400 800 2464 rel
823 2398 882 2464 duo
905 2399 959 2463 aut
980 2415 1060 2464 unus
1082 2416 1186 2464 eorum
1208 2416 1310 2482 perse

72 2509 113 2574 rel
136 2511 227 2578 alium
250 2531 302 2577 seu
325 2511 402 2578 alios
425 2514 580 2597 presentes
601 2513 729 2594 litteras,
751 2513 805 2579 ubi
827 2514 859 2580 et
874 2513 993 2598 quande
1008 2513 1147 2597 expedire
1169 2514 1309 2595 viderint,

71 2625 98 2688 et
118 2645 167 2708 pro
196 2629 282 2712 parte
303 2629 460 2694 laurentii
489 2631 521 2695 et
543 2627 680 2696 Caesaris
710 2630 914 2713 predictorum
936 2629 1051 2695 luerint
1079 2629 1227 2714 requisiti,
1258 2649 1309 2697 so-

71 2739 203 2808 lemniter
224 2743 424 2827 publicantes,
451 2746 555 2830 eisque
582 2745 615 2811 in
637 2745 795 2830 premissis
818 2745 950 2812 efficacis
972 2744 1157 2812 defensionis
1178 2746 1310 2831 presidio

72 2857 249 2937 assistentes,
273 2859 388 2925 faciant
411 2861 590 2928 auctoritate
619 2863 725 2927 nosue
748 2861 886 2947 singulas
910 2859 989 2927 sixti
1016 2863 1047 2928 et
1069 2861 1179 2928 leonis
1201 2863 1308 2946 prede-

71 2989 221 3052 cessorum,
244 2993 281 3039 ac
302 2977 457 3059 presentes
480 2979 601 3043 nostras
622 2977 743 3042 litterae
766 2977 942 3043 huiusmodi
956 2977 1040 3043 iuxta
1062 2977 1187 3043 illarum
1209 2978 1308 3044 conti·

71 3087 196 3155 nentinm
211 3091 242 3155 et
257 3091 394 3157 tenorem
408 3091 627 3158 inviolabiliter
648 3093 810 3172 observari,
834 3111 950 3162 necnon
973 3092 1095 3160 eosdem
1111 3093 1309 3159 laurentium

70 3203 97 3265 et
117 3201 272 3270 demerem
296 3225 331 3272 ac
358 3225 460 3272 eorum
484 3208 659 3291 quemlibet,
688 3208 884 3292 ipsorumque
913 3208 1038 3275 heredes
1061 3210 1093 3275 et
1122 3227 1309 3275 successores

71 3315 187 3399 dareta
209 3321 410 3400 concessione,
434 3323 558 3400 ambito,
581 3323 771 3389 ordinatione
793 3343 829 3389 ac
850 3323 1033 3390 inhibitione
1055 3323 1200 3407 predictis
1223 3323 1308 3408 paci-

71 3431 119 3498 lice
149 3435 287 3519 gaudere,
320 3455 379 3503 non
411 3438 623 3521 permittentes
655 3457 706 3504 eos
729 3440 784 3504 aut
815 3457 920 3504 eorum
942 3439 1076 3524 aliquem
1109 3457 1162 3523 per
1193 3438 1309 3505 dictum

71 3545 304 3631 Nascenterium,
334 3554 365 3619 et
394 3572 599 3638 quoscumque
628 3554 706 3620 alios
736 3553 773 3620 de
804 3573 893 3637 super
922 3554 1148 3638 quomodolibet
1175 3554 1310 3621 indebite

70 3664 225 3744 molestari,
248 3669 302 3732 aut
316 3668 431 3735 eisdem
447 3667 526 3735 Sirti
548 3671 579 3735 et
594 3669 704 3736 leonis
728 3688 781 3735 seu
796 3669 988 3752 presentibus
1011 3669 1124 3737 litteris
1147 3671 1310 3750 conveniri,

69 3779 293 3848 conbadctores
315 3802 543 3867 percensuram
566 3786 621 3851 etc.
660 3785 802 3850 Invocato
818 3785 913 3850 etiam
935 3785 974 3850 ad
988 3786 1053 3865 hoo,
1077 3786 1103 3852 si
1119 3805 1195 3870 opus
1211 3785 1310 3865 luerit,

69 3895 173 3962 auxilio
194 3897 311 3964 brachii
334 3898 487 3966 secueris.
532 3898 603 3966 Non
625 3900 818 3967 obstantibus
841 3901 1000 3984 premissis
1023 3920 1058 3967 ac
1080 3901 1309 3968 constitutioni·

69 4008 119 4074 bus
133 4013 164 4076 et
178 4011 418 4080 ordinationibus
434 4015 617 4100 apostolicis,
639 4035 754 4083 necnon
770 4016 850 4083 dicte
865 4016 1009 4096 ciuitatis,
1032 4017 1211 4096 iuramento,
1235 4035 1307 4082 con-

69 4123 230 4196 firmatione
260 4130 427 4214 apostolica
460 4133 507 4198 vel
536 4131 643 4215 quavis
677 4131 823 4197 firmitate
855 4132 917 4197 alia
947 4132 1095 4198 roboratis
1126 4131 1251 4198 statutis
1279 4134 1310 4199 et

68 4243 327 4310 consuetudinibus
359 4246 519 4311 centrariis
551 4247 786 4331 quibuscunque,
811 4266 863 4312 seu
887 4247 914 4312 si
936 4247 1017 4313 dicto
1039 4243 1239 4313 Nascenterio
1261 4248 1310 4313 vel

69 4355 217 4438 quibusvis
240 4359 311 4425 aliis
341 4361 544 4426 communiter
565 4362 614 4427 rel
637 4361 762 4428 divisim
792 4363 831 4428 ab
854 4361 959 4429 eadem
983 4363 1024 4427 sit
1054 4361 1124 4428 sede
1146 4361 1309 4442 indultum,

67 4470 138 4555 quod
158 4471 307 4554 interdici,
338 4475 482 4560 suspendi
512 4476 560 4543 rel
590 4477 844 4544 excommunicari
873 4477 1082 4564 nonpossint
1112 4497 1166 4564 per
1188 4479 1308 4550 litteras
