3152 4902
580 258 803 324 ,91-

87 457 253 522 naulorum
276 454 428 521 continuis
444 453 636 520 detrimentis
659 452 855 538 cladibusque
877 452 997 532 cruditi,
1020 470 1095 537 quas
1109 451 1185 518 baec
1207 451 1316 518 civitas

86 575 116 638 ob
134 572 308 638 domesticas
338 571 541 637 dissensiones
571 571 704 654 pertulit,
734 571 904 636 convertero
934 569 966 634 iu
996 569 1151 652 publicum
1181 568 1315 652 privatas

87 690 237 754 voluntates
252 690 283 754 et
297 689 413 772 patriae
428 687 574 772 pietatem
597 707 688 772 quarn
704 687 820 752 debetis
835 689 988 770 praestare
1003 686 1215 762 institueritis;
1239 708 1314 770 quac

86 805 132 870 burc
152 806 246 890 magis
268 805 357 870 illam
380 805 515 888 postulat
538 824 556 868 a
580 805 665 870 vobis
688 805 719 868 et
741 803 863 888 expetit,
892 821 951 887 quo
973 802 1164 886 gravioribus
1194 803 1315 867 damnis

84 921 175 984 attrita
196 925 225 986 et
247 921 431 986 labefactata
454 923 518 994 est;
541 921 576 984 ut
598 919 718 986 nullum
748 919 809 984 nisi
831 919 864 984 in
886 919 1043 984 concordia
1067 923 1098 983 ct
1120 919 1315 984 consensione

82 1036 202 1102 omnium
225 1040 360 1102 vestrum
385 1036 449 1101 suis
472 1036 596 1101 afflictis
621 1037 709 1100 rebus
734 1035 904 1100 subsidium
927 1035 1026 1118 possit
1048 1036 1185 1119 reperire.
1231 1033 1315 1115 Quae

81 1173 141 1216 eum
160 1153 307 1218 maionnn
336 1155 503 1216 vostrorum
534 1152 645 1217 virtuto
669 1155 700 1216 ct
723 1152 872 1236 sapientia
902 1152 1054 1236 quondam
1086 1153 1163 1218 freta
1187 1152 1236 1217 sui
1258 1173 1313 1218 uo-

81 1268 162 1332 ruinis
190 1269 305 1334 sarnam
335 1268 368 1333 in
397 1271 520 1333 cunctas
550 1268 688 1334 nationes
718 1266 885 1334 extenderit
915 1268 1077 1351 orbemque
1107 1271 1255 1334 terrarum
1285 1272 1316 1334 ct

80 1384 229 1448 maritimis
259 1387 290 1449 et
322 1383 516 1449 terrestribus
545 1385 583 1448 ab
614 1403 646 1450 se
675 1383 772 1467 partis
803 1383 956 1450 referserit
985 1383 1136 1462 notoriis,
1169 1405 1315 1469 saepeque

79 1519 178 1584 magno
199 1499 350 1583 praesidio
373 1501 463 1582 atque
485 1498 660 1566 adiumento
689 1500 855 1565 catholicae
885 1499 1027 1584 religioni
1048 1501 1080 1564 et
1103 1500 1173 1564 fidoi
1202 1501 1315 1566 summi

79 1615 128 1680 Ilei
142 1615 281 1681 adversus
296 1614 434 1680 infideles
458 1617 488 1680 et
503 1615 648 1680 barbaras
671 1615 810 1680 nationes
827 1615 926 1694 fuerit,
949 1617 1071 1682 tanturm
1087 1635 1167 1681 nunc
1182 1635 1200 1680 a
1216 1619 1314 1681 vetere

77 1731 125 1796 illa
145 1733 264 1798 virtutis
293 1731 392 1816 gloria
422 1731 633 1815 degeneraret,
663 1735 697 1798 ut
720 1751 780 1798 non
803 1732 904 1816 magis
933 1732 1069 1797 hostium
1098 1733 1193 1798 annis
1223 1753 1314 1816 qrrarn

77 1848 279 1914 intestinarum
309 1848 475 1914 factionum
505 1846 665 1912 discordiis
695 1849 815 1913 vastata
845 1849 875 1914 et
904 1849 1051 1913 exhausta
1082 1847 1191 1931 predae
1223 1868 1314 1932 prope

76 1968 156 2045 atque
176 1964 307 2031 ludibrio
323 1963 465 2029 omnibns
488 1965 576 2028 asset.
622 1963 709 2028 Hanc
731 1963 764 2029 in
779 1963 865 2029 vobis
888 1966 919 2030 et
934 1964 1164 2047 praeteritorum
1180 1984 1314 2030 errorum

75 2079 282 2159 paenitentiam
305 2081 336 2144 ot
359 2079 391 2143 in
420 2081 574 2161 postorum
605 2079 714 2144 salutis
743 2098 779 2144 ac
801 2077 963 2162 dignitatis
986 2078 1205 2162 recuperandae
1229 2100 1314 2164 sporn

74 2196 102 2257 et
121 2195 330 2279 cogitationem
347 2193 434 2259 valde
456 2194 618 2260 admodum
634 2194 667 2259 in
682 2194 813 2260 Domino
828 2195 1085 2274 commendamus,
1108 2215 1233 2280 eamque
1251 2197 1313 2262 inr-

75 2310 171 2392 primis
192 2312 256 2376 Deo
287 2311 349 2375 tbre
379 2311 501 2394 gratam
530 2310 753 2376 confirmamus.
799 2311 831 2376 Is
854 2310 936 2376 enim
966 2331 1036 2375 curn
1066 2331 1171 2395 pacem
1196 2332 1314 2396 semper

75 2425 203 2491 omnibus
227 2429 391 2510 proponat,
415 2424 531 2490 civibus
554 2427 634 2490 ccrtc
650 2426 730 2491 inter
753 2447 785 2492 sc
808 2427 909 2510 magis
932 2426 1119 2510 propositam
1141 2428 1208 2493 vult
1230 2431 1261 2492 ct
1279 2430 1314 2494 ut

73 2540 171 2624 quique
192 2541 316 2606 arctiori
338 2540 458 2606 vinculo
482 2541 640 2626 sanguinis
670 2545 724 2607 ant
746 2543 849 2626 legum
873 2542 1025 2608 coniuncti
1049 2545 1128 2622 sunt
1152 2544 1196 2608 ita
1218 2544 1251 2610 in
1274 2544 1312 2609 iis

74 2657 194 2722 sanctior
223 2676 343 2740 semper·
372 2659 419 2721 est
442 2657 592 2723 mentium
615 2659 645 2722 ct
677 2659 868 2724 voluntatum
897 2659 1063 2725 consensio.
1108 2659 1208 2743 Atque
1231 2659 1312 2725 idern

74 2771 146 2837 Deus
167 2775 197 2838 et
218 2773 370 2838 Dominus
393 2774 496 2838 noster
517 2771 609 2838 Jesns
633 2773 773 2839 Christus
797 2773 840 2838 ita
863 2775 902 2839 ab
925 2775 1009 2840 omni
1032 2775 1222 2842 contentione
1245 2774 1310 2840 dis·

73 2887 141 2953 sidio
162 2888 311 2954 discordia
334 2889 499 2954 abhorrens
527 2888 587 2954 fuit
608 2891 643 2954 ut
665 2907 736 2953 cnm
765 2889 798 2953 in
821 2891 925 2954 sancto
955 2891 1112 2974 evangelio
1142 2891 1313 2957 ostenderet

72 3023 139 3083 (puae
159 3005 229 3070 inde
250 3005 284 3070 in
307 3004 410 3088 regnis
439 3003 581 3070 omnibns
612 3004 749 3070 uenirent
772 3005 863 3084 mala,
892 3005 985 3071 etiam
1009 3025 1137 3090 regnum
1160 3007 1312 3072 Belzebub

73 3121 167 3183 eontra
189 3141 220 3185 se
250 3120 383 3184 divisum
415 3122 496 3185 stare
526 3119 641 3184 diutim
673 3120 830 3204 domuerit
852 3140 948 3204 posse.
995 3119 1081 3201 Quod
1105 3122 1132 3188 si
1161 3122 1233 3188 illae
1256 3123 1310 3188 de·

74 3252 186 3300 monum
209 3237 375 3318 potestates
392 3255 577 3319 quamquam
593 3255 702 3318 pravae
725 3237 883 3320 malasque
898 3239 1037 3302 aeternae
1053 3239 1156 3303 tamen
1171 3239 1202 3303 et
1218 3239 1310 3321 spiri-

74 3349 161 3415 tuales
184 3351 248 3417 sinc
271 3351 429 3416 concordia
459 3370 634 3434 permanare
657 3371 718 3416 uon
740 3354 876 3435 possunt,
906 3351 978 3436 quid
1003 3354 1049 3417 ost
1072 3353 1110 3418 dc
1132 3353 1257 3419 urbibus
1280 3357 1311 3419 ot

73 3461 198 3547 imperiis
221 3466 438 3549 temporalibus
462 3466 669 3542 sentiendum
692 3486 768 3550 quae
784 3467 915 3549 profecto
938 3467 1053 3532 eisdem
1069 3467 1310 3535 dissensionibus

72 3581 98 3641 et
118 3580 174 3646 Dei
195 3601 287 3664 regno
311 3581 490 3647 renunciant
505 3582 535 3646 et
560 3600 688 3664 regnum
712 3601 801 3646 suurn
816 3582 975 3648 abiciunt?
998 3580 1090 3649 Cuius
1114 3582 1217 3649 divino
1240 3605 1309 3650 ora-

72 3694 130 3758 culo
151 3697 280 3761 emissae
303 3696 442 3761 veritatis
474 3696 654 3762 documenta
684 3696 804 3762 utinam
826 3717 886 3763 non
909 3700 974 3762 tam
997 3699 1131 3782 graviter
1153 3700 1185 3765 et
1207 3701 1312 3765 acerbo

72 3811 97 3870 et
119 3811 205 3875 ltalia
227 3811 327 3878 ornnis
350 3814 381 3877 ct
403 3811 511 3876 civitas
540 3811 694 3894 imprimis
716 3815 817 3877 vestra
840 3813 1073 3896 comprobasset.
1120 3813 1179 3880 Sed
1203 3835 1257 3880 nos
1280 3817 1311 3881 ct

73 3923 136 3988 alibi
157 3925 338 4011 ubicumque
353 3927 440 3992 nobis
463 3927 521 3991 fari
536 3927 567 3991 st
589 3927 744 3992 consulere
762 3929 793 3992 ct
807 3927 923 3993 hortari
945 3947 980 3992 ac
996 3948 1117 3995 monere
1132 3933 1180 3995 est
1195 3929 1309 4008 datum,

72 4056 165 4118 param
188 4042 315 4108 suadere
336 4045 367 4108 et
382 4061 487 4126 rogare
510 4061 570 4107 non
593 4040 783 4120 destitimus;
806 4044 837 4108 ct
860 4043 886 4108 si
903 4043 982 4128 apud
1004 4044 1080 4110 alios
1103 4043 1185 4109 furor
1207 4065 1309 4110 armo-

74 4172 131 4219 rum
159 4159 190 4222 et
218 4157 396 4241 privataeu
425 4157 546 4240 publico
575 4157 810 4223 christianitatis
839 4160 918 4225 bono
948 4159 1099 4224 seiunctae
1128 4159 1310 4244 cupiditates

73 4265 200 4338 hortatus
222 4274 342 4339 nocuos
358 4272 493 4338 exaudiri
514 4292 575 4338 non
590 4273 824 4356 permisserunt3
848 4274 934 4339 vobis
950 4273 1054 4340 dilecti
1068 4273 1126 4338 filii
1150 4274 1191 4340 sit
1206 4277 1310 4340 nostra

73 4382 192 4452 ebenus
215 4388 248 4454 et
270 4386 303 4453 in
326 4388 410 4454 vobis
433 4389 482 4472 pie
505 4387 703 4455 admonendis
726 4389 890 4456 auctoritas
913 4391 1042 4476 accepta.
1088 4386 1148 4470 Qui
1170 4392 1201 4455 et
1223 4390 1309 4457 robis
