3192 4930
577 181 801 251 ..31-

81 397 167 465 proces
187 379 260 447 heoo
274 381 381 448 nostra
402 377 535 446 cherilus
558 379 590 446 et
603 373 814 446 benevolentis
834 391 908 462 erge
921 392 976 443 uos
997 375 1034 442 ut
1054 373 1136 462 apud
1158 395 1314 446 summum

82 495 165 562 ὓιιιιι
184 495 298 562 hebeat
311 495 422 574 locum,
446 492 562 578 siquid
584 493 682 561 adhuc
695 493 730 560 in
744 491 831 560 uobis
846 490 900 558 aut
914 491 1099 558 reverentino
1120 507 1194 578 erge
1210 492 1314 578 ipsum

82 613 124 676 eut
142 629 212 696 erga
232 630 289 678 nos
304 611 418 677 amoris
438 608 553 677 residet
575 610 741 695 procurato.
772 607 830 676 His
852 605 976 693 quidem
993 623 1050 674 noe
1071 605 1109 674 de
1122 606 1226 674 mods
1248 627 1313 678 uon

81 726 190 792 tatem
210 727 244 794 n
272 725 448 812 episcopum
469 725 659 792 Verulanum
680 723 828 792 nuncium
849 723 990 790 nostrum
1019 720 1058 789 ud
1080 739 1134 790 ros
1157 723 1315 810 totumque

82 859 176 908 nomen
197 842 390 909 Helveticum
413 839 576 919 mittimus,
604 840 762 907 hominem
783 838 879 906 lidum
902 855 937 904 ac
959 835 1139 922 prudentem
1161 839 1193 905 et
1213 856 1316 906 renum

83 959 234 1022 uestramm
263 976 322 1023 usu
351 955 625 1041 consuetudineque
646 956 789 1040 peritum
818 953 871 1039 qui
899 951 1042 1020 omnibus
1071 950 1196 1039 quidem
1223 953 1315 1020 istius

82 1072 196 1138 inuictae
229 1069 365 1138 nationis
402 1071 457 1139 sed
485 1069 603 1137 nomini
630 1069 784 1156 imprimis
813 1070 914 1135 uestro
944 1069 1031 1134 tanto
1060 1085 1163 1135 amora
1194 1067 1316 1137 deditus

81 1189 121 1252 eat
139 1189 172 1253 ut
191 1185 228 1254 de
249 1187 337 1255 robis
358 1184 559 1273 praedicando
581 1186 613 1252 ot
641 1186 759 1252 vestas
780 1183 911 1250 virtutos
939 1182 1204 1252 commemorando
1232 1203 1314 1254 nnn·

82 1321 162 1386 quam
181 1302 286 1369 saturi
307 1319 397 1388 posse
418 1301 571 1380 ridentum
599 1300 653 1387 qui
673 1301 746 1368 licet
767 1299 831 1366 ism
853 1297 943 1365 annis
972 1297 1076 1384 gravis
1105 1299 1137 1366 et
1157 1299 1314 1368 laboribus

82 1417 192 1483 attritus
213 1417 262 1496 sit
285 1436 407 1485 omnem
422 1416 528 1484 tamm
547 1417 706 1484 vobiscum
727 1413 904 1501 negociandi
921 1413 1109 1482 occasionem
1130 1433 1185 1501 pro
1207 1416 1317 1487 cointio

83 1532 133 1598 sibi
153 1535 183 1600 ot
202 1533 334 1618 requiete
348 1533 519 1601 existimat:
541 1531 627 1600 cuius
649 1549 705 1598 uos
719 1529 915 1616 prudentiam
937 1531 969 1596 et
981 1529 1168 1604 iudustriam
1183 1532 1317 1602 manime

82 1647 204 1728 luimus
225 1649 350 1735 eiusque
371 1649 535 1716 adrentum
557 1647 644 1715 rolris
666 1645 777 1714 utilem
804 1647 836 1713 et
858 1645 1024 1714 iucundum
1047 1646 1075 1713 si
1096 1665 1150 1715 ros
1170 1649 1203 1716 et
1225 1648 1316 1716 illum

82 1764 173 1832 audire
199 1765 355 1832 volueritis
383 1764 522 1832 diturum
543 1781 605 1831 uon
633 1762 819 1830 dubitemus.
864 1759 1020 1829 Mittimus
1050 1763 1154 1832 numm
1176 1763 1215 1832 ob
1237 1763 1317 1833 hanc

83 1897 191 1948 cauum
212 1882 246 1947 ut
267 1879 296 1946 is
317 1880 515 1964 potissimum
537 1879 570 1946 in
585 1880 664 1946 hanc
686 1897 791 1945 curam
812 1877 971 1944 incumbat
993 1880 1028 1944 ut
1049 1897 1126 1964 quae
1149 1881 1222 1947 sunt
1235 1880 1317 1948 inter

83 2013 128 2060 uos
147 1997 177 2062 et
191 1997 308 2062 vestros
324 1995 421 2064 socios
436 1994 565 2061 dissidia
579 2013 653 2079 pecc
668 1993 924 2079 consensiouequc
938 1993 1113 2078 componat;
1136 1993 1216 2062 nihil
1233 1996 1317 2066 euim

84 2109 158 2176 notis
171 2111 291 2197 aegrius
306 2111 413 2177 auditu
435 2111 491 2191 ast,
514 2129 608 2197 quam
622 2128 676 2177 vos
699 2108 883 2175 dissidentes
906 2111 937 2174 ct
952 2107 1105 2176 discordes
1127 2110 1317 2198 intelligere:

85 2243 130 2290 neu
149 2226 239 2294 etiam
261 2226 424 2312 quicquam
447 2224 597 2309 estquod
620 2224 706 2290 robis
729 2223 928 2309 perniciosius
950 2241 1017 2289 csse
1039 2223 1153 2308 possit3
1183 2225 1211 2292 si
1232 2227 1318 2295 euim

85 2359 203 2425 unquam
223 2341 329 2427 generi
343 2341 500 2409 Heluetico
522 2339 582 2408 luit
603 2339 774 2406 noccssmia
788 2357 846 2425 pan
867 2338 948 2406 iuter
969 2358 1011 2418 so,
1032 2357 1103 2406 cum
1124 2339 1183 2407 lucc
1205 2339 1319 2410 Sancte

87 2453 151 2522 Sede
170 2457 304 2524 amicitia
326 2459 358 2524 ot
371 2455 551 2534 commotio,
573 2455 631 2522 hoc
652 2453 806 2539 imprimis
826 2456 962 2539 temporo
984 2473 1043 2541 quo
1065 2455 1112 2522 tot
1133 2457 1319 2526 turbrrlentis

87 2571 279 2638 christianitas
294 2571 413 2656 agitata
427 2572 475 2638 ost
492 2570 635 2657 periculis
651 2589 805 2637 summam
819 2568 939 2636 ridetur
960 2570 1071 2637 habero
1086 2573 1317 2654 necessitatem

88 2685 131 2750 sod
150 2687 220 2754 heac
241 2687 412 2754 coniunctio
442 2687 509 2753 sine
536 2687 645 2753 mutue
673 2685 754 2752 inter
782 2703 836 2752 uos
858 2683 1081 2770 conspiratione
1103 2687 1226 2754 stabilis
1249 2703 1319 2758 csse

87 2817 139 2866 non
156 2803 267 2886 potest;
290 2805 394 2869 auctor
409 2804 512 2870 autem
534 2801 634 2869 omnis
656 2799 756 2868 fidelis
778 2802 811 2868 et
831 2818 919 2868 uerso
933 2800 1167 2886 conspirationis
1189 2821 1225 2870 ec
1242 2822 1316 2872 cou-

88 2915 189 2984 cordiuo
209 2921 257 2986 est
278 2919 371 2999 Deus,
394 2917 427 2984 in
449 2915 535 2983 ouius
557 2916 676 2982 cultum
697 2917 729 2982 et
750 2913 896 2982 honoram
911 2915 1025 3001 pariter
1046 2917 1217 2986 consentire
1232 2917 1319 2988 decet

91 3034 200 3117 eosqui
220 3033 381 3100 concordes
404 3033 484 3098 inter
507 3051 540 3098 se
563 3032 635 3096 suut
657 3029 760 3097 futuri
791 3028 878 3112 Quod
898 3031 935 3097 ut
956 3029 1054 3097 lucere
1076 3031 1179 3100 velitis
1202 3051 1238 3100 ec
1258 3053 1316 3119 pa·

90 3147 170 3212 tarnis
191 3149 303 3215 uostris
325 3149 466 3232 precibus
488 3145 766 3230 monitionibusque
788 3147 824 3211 ut
846 3145 1045 3230 acquiescatis
1067 3147 1202 3214 multum
1224 3146 1317 3216 deuo·

90 3259 173 3328 tioues
194 3265 310 3330 reomao
338 3263 373 3330 in
393 3263 526 3330 Domino
554 3261 721 3340 hortemur,
749 3259 836 3327 robis
865 3259 959 3327 otium
982 3259 1200 3346 significantes,
1230 3261 1258 3330 si
1279 3263 1321 3332 ad

90 3393 136 3440 nos
155 3377 191 3444 ad
210 3379 289 3446 lanc
311 3376 342 3446 S.
366 3376 476 3446 Sedem
498 3377 537 3443 ed
560 3377 710 3442 maiorum
739 3377 909 3442 vesuomm
937 3375 1075 3460 exemplu
1096 3375 1136 3444 ed
1165 3395 1241 3444 sana
1262 3376 1318 3446 do·

91 3492 190 3559 ctorum
204 3493 361 3561 celestium
383 3495 414 3561 et
428 3492 600 3558 divinorum
623 3491 740 3557 monitu
762 3491 909 3576 respicere
923 3491 1080 3558 volueritis
1102 3493 1134 3558 et
1155 3492 1320 3580 impiorum

91 3606 202 3674 erotis
226 3608 356 3676 consilia
378 3607 620 3694 segregaveritis,
649 3625 705 3673 nos
727 3606 761 3672 in
783 3606 870 3674 uobis
898 3606 1051 3688 ornandis,
1081 3607 1231 3690 iurandis,
1260 3609 1318 3677 ho·

92 3721 229 3789 uastandis
257 3723 321 3791 lore
349 3723 445 3790 etiam
467 3725 624 3809 promptos
654 3739 773 3807 semper
801 3723 833 3788 ot
854 3721 996 3788 liberales
1026 3741 1062 3788 ao
1090 3723 1247 3791 vobiscum
1275 3724 1321 3792 ite

94 3835 196 3903 tuturos
218 3839 251 3905 ut
270 3839 443 3925 intelligere
465 3839 590 3924 possitis
620 3838 754 3904 vestam
783 3837 951 3903 utilitatem
980 3838 1113 3922 gloriam
1141 3839 1321 3907 felicitatem

95 3949 174 4030 robis,
193 3971 251 4019 non
279 3973 365 4022 secus
387 3973 423 4020 ac
452 3955 480 4020 si
502 3973 537 4020 er
560 3953 647 4020 nobis
677 3951 786 4020 essetis
809 3953 915 4037 geniti,
944 3954 1091 4039 tauquam
1113 3955 1195 4038 petri
1216 3954 1268 4041 pio
1289 3957 1320 4023 et

96 4067 286 4136 amantissimo
308 4071 466 4138 inanimo
489 4071 520 4136 ot
542 4069 630 4136 corde
658 4068 783 4134 ἱιιίὶιιιιιι
807 4087 924 4152 sempor
947 4087 1028 4144 essm
1059 4067 1138 4134 sicut
1165 4069 1259 4136 letius
1282 4073 1321 4138 ab

96 4177 185 4248 codem
206 4183 341 4272 episcopo
356 4185 509 4252 Verulano
531 4183 713 4268 intelligetis
736 4184 785 4249 cui
806 4183 896 4250 tidem
916 4182 1077 4250 habebitis.
1123 4184 1238 4252 Datum
1256 4185 1320 4254 Ro·

142 4419 233 4468 lmlu
246 4425 350 4464 munus
364 4427 412 4469 vm.
1142 4405 1163 4474 6
