3192 4930
584 315 806 382 ..27-

92 507 199 591 inperio
221 509 377 576 audientes
401 509 482 589 suut,
504 529 632 594 quorum
647 509 803 593 utriusque
819 509 851 574 et
865 507 975 592 capitis
997 509 1029 574 at
1044 509 1118 574 solis
1133 510 1166 576 in
1181 509 1322 594 praeside

92 623 151 688 eds
175 625 358 708 apostohcae
387 625 557 691 similitudo
584 627 632 691 est
654 643 809 708 expressa:
841 623 944 707 itaque
966 625 1032 692 eius
1054 626 1103 691 est
1132 643 1245 702 vocare,
1268 645 1321 691 re-

90 739 175 820 heere,
191 742 359 808 remittere:
374 761 471 824 neque
486 740 565 807 hauc
579 741 763 826 potestatem
778 740 1048 824 auctoritatemque
1066 739 1189 806 vicerim
1204 740 1322 806 Christi

89 873 134 920 nou
153 858 193 922 ab
215 857 338 922 homine
359 857 425 922 illis
447 856 500 922 sed
523 875 541 922 a
563 857 627 922 Deo
650 855 769 922 datam:
799 855 938 940 princeps
965 856 1048 922 ullus
1070 855 1120 922 cui
1141 856 1262 923 iustitia
1284 875 1320 922 ac

89 973 246 1050 moderatio,
269 975 301 1038 et
323 971 416 1038 alieni
436 971 512 1037 iuris
535 971 722 1038 abstinentia
744 971 827 1036 cordi
850 971 899 1050 sit
922 971 975 1054 qui
990 971 1119 1055 denique
1133 972 1233 1038 Βοιιω
1248 973 1322 1038 ante

87 1088 172 1154 ocdos
199 1088 319 1166 habeat,
348 1105 483 1172 uuquam
511 1105 603 1154 ausus
632 1087 680 1154 eet
708 1086 821 1152 violare
850 1087 903 1152 ant
932 1086 1159 1170 interrumpere,
1189 1087 1242 1154 sed
1263 1106 1321 1154 noa

88 1201 131 1267 hoe
151 1203 252 1268 auimo
273 1204 331 1269 hoc
354 1203 465 1286 spiritu
486 1203 545 1269 Dei
567 1202 784 1286 omnipotentis
814 1201 954 1268 instincti
978 1202 1006 1268 si
1027 1221 1088 1268 non
1111 1222 1147 1268 ex
1169 1202 1321 1287 hispaniis

86 1318 187 1402 abquot
195 1319 435 1384 evocavissemus
444 1337 610 1402 quamnam
624 1317 834 1384 nobilissimae
842 1317 961 1384 nationi
969 1318 1146 1384 fecissemus
1155 1317 1321 1384 iuiuriam?

87 1431 143 1500 Sive
164 1433 245 1500 enim
266 1435 341 1500 haec
363 1434 497 1500 evocatio
519 1434 613 1499 hahet
634 1434 779 1500 honorem
802 1434 883 1517 apud
904 1433 1053 1512 homines,
1076 1453 1152 1519 quae
1167 1433 1224 1500 hoc
1246 1451 1319 1516 per·

85 1549 176 1633 ticipet
197 1551 308 1616 honore
331 1549 425 1634 digna
447 1551 495 1615 est
509 1549 672 1634 Hispania:
696 1549 759 1615 sive
782 1549 862 1633 apud
877 1550 977 1616 Deum
998 1549 1031 1614 id
1053 1549 1133 1633 quod
1156 1549 1256 1615 verius
1271 1549 1320 1615 est

85 1665 202 1745 graham
225 1667 315 1750 atqua
337 1665 476 1749 gloriam,
505 1665 554 1730 illi
575 1683 693 1749 quoque
720 1665 874 1749 imprimis
897 1665 1011 1748 aptium
1035 1663 1179 1732 sentienti
1201 1663 1321 1730 nationi

85 1779 148 1844 beno
168 1779 204 1845 de
226 1780 290 1846 Deo
313 1781 345 1846 et
366 1780 424 1846 Dei
452 1779 599 1864 religione
628 1780 766 1847 merendi
794 1781 910 1846 occasio
940 1779 1101 1847 tribuenda
1130 1781 1193 1848 est:
1222 1779 1321 1862 igitur

84 1895 187 1977 diquoa
208 1897 303 1961 etiam
325 1915 361 1962 er
383 1895 542 1979 Hispaniis
557 1895 758 1974 evocavimus,
780 1915 876 1981 neque
899 1915 1033 1980 unquam
1055 1896 1183 1962 dubium
1204 1895 1318 1960 habui·

85 2028 143 2074 mus
163 2012 234 2094 quin
256 2011 392 2078 noemam
422 2011 597 2078 huiusmodi
625 2011 830 2078 evocationem
860 2013 1007 2080 serenitas
1037 2011 1091 2076 tua
1114 2028 1169 2078 suo
1190 2029 1320 2076 assensu

83 2129 299 2209 comprobatum
320 2128 415 2192 esset:
445 2145 541 2212 neque
563 2147 643 2194 nuuc
666 2127 843 2194 dubitamus
872 2128 946 2212 quin
968 2127 1018 2193 his
1041 2126 1155 2192 uostris
1184 2125 1319 2209 acceptis

82 2239 180 2306 litteris
202 2243 236 2308 tn
257 2261 312 2326 pro
334 2242 388 2308 tua
410 2242 560 2327 singulari
574 2243 779 2310 moderatione
802 2243 899 2310 animi
921 2261 955 2308 ac
970 2243 1053 2310 cultu
1072 2241 1205 2326 pietatis,
1228 2240 1318 2306 addi-

83 2375 143 2420 mus
162 2358 253 2424 etiam
275 2358 486 2424 benevolentia
507 2377 580 2442 erga
601 2377 666 2437 uos,
693 2359 725 2424 et
747 2359 786 2424 ab
809 2359 867 2424 hac
889 2359 919 2426 vi
948 2356 1105 2424 inferenda
1127 2356 1277 2442 episcopis
1300 2374 1321 2422 a

83 2471 144 2536 siuu
162 2492 250 2556 prope
272 2475 377 2538 nostro
400 2474 613 2541 abstrahendis
636 2475 666 2539 te
689 2474 885 2540 abstenturus
906 2473 957 2552 sis,
981 2476 1013 2540 et
1034 2474 1104 2540 illos
1127 2472 1180 2558 (lui
1202 2471 1320 2538 evocati

82 2587 196 2652 anobis
218 2589 291 2654 aaut
312 2587 549 2656 adveniendum
572 2589 791 2669 cohortatums
815 2609 885 2654 cum
907 2591 939 2655 et
961 2589 1000 2654 ed
1014 2589 1204 2672 praeclarum
1227 2587 1319 2670 utque

84 2699 209 2768 matun
230 2705 262 2768 et
284 2703 342 2770 toti
364 2704 431 2770 orbi
453 2705 586 2771 salutare
600 2723 676 2789 opus
698 2705 799 2771 vocati
822 2704 899 2770 sint:
922 2705 954 2769 et
975 2721 1030 2768 uos
1050 2702 1115 2768 sino
1132 2703 1193 2768 ullo
1216 2720 1319 2768 rerum

83 2817 190 2882 tuarum
211 2817 394 2884 detrimento
416 2819 449 2886 id
478 2819 575 2886 simus
605 2820 716 2898 acturi,
747 2820 894 2888 serenitas
924 2821 977 2885 tua
999 2838 1035 2884 er
1063 2817 1222 2901 religionis
1244 2835 1317 2882 suae

83 2931 110 2994 et
130 2933 333 3000 sanctissimae
355 2935 522 3001 voluntatis
545 2935 687 3001 instituto
709 2935 798 3002 nobis
820 2933 1044 3000 amantissimis
1067 2934 1115 3000 sui
1137 2935 1170 3000 et
1192 2950 1318 2999 suorum

83 3047 214 3128 ommam,
235 3049 269 3113 iu
290 3069 323 3116 re
345 3049 469 3133 quidem
491 3050 576 3116 omni
597 3051 718 3135 propter
741 3050 897 3116 duculum
916 3051 1076 3134 perpetuae
1099 3047 1261 3128 amicitiae,
1285 3047 1319 3113 iu

83 3159 134 3226 hac
152 3181 217 3229 varo
239 3164 334 3230 etiam
356 3167 478 3249 propter
500 3165 598 3232 divini
626 3165 759 3232 nominis
781 3166 935 3245 honorem,
959 3168 990 3232 et
1012 3165 1077 3231 eius
1101 3164 1224 3230 sunctae
1245 3162 1319 3228 fidei

83 3276 242 3358 utilitatem,
270 3280 317 3346 ita
343 3280 432 3346 nobis
461 3280 679 3348 obsecundabit
708 3283 740 3348 et
767 3300 884 3347 moram
913 3281 998 3365 geret
1027 3281 1062 3345 ut
1091 3281 1122 3346 to
1152 3277 1318 3345 sacrandum

83 3389 171 3458 Deum
190 3393 291 3478 ipsum
313 3395 446 3462 actiones
469 3397 590 3462 nostras
613 3397 810 3480 potissimum
825 3394 995 3474 adiuvante,
1017 3397 1150 3461 veterem
1172 3393 1316 3459 christia-

83 3523 133 3569 uae
152 3509 303 3594 religionis
326 3511 458 3578 nitorem
480 3513 511 3578 et
533 3511 592 3576 Dei
621 3529 693 3595 erga
716 3531 772 3577 uos
794 3511 928 3596 gratiam
951 3528 1125 3594 recuperare
1154 3508 1317 3593 possimus.

83 3617 186 3688 Datum
206 3625 319 3692 Romae
342 3628 398 3692 etc.
443 3626 501 3693 Die
523 3625 593 3692 mi
614 3626 693 3694 Julii
715 3626 862 3692 mdrxiiii.
907 3625 996 3692 Anno
1018 3625 1131 3691 Primo.

669 3807 722 3873 20.

499 3935 585 4010 Regu
608 3928 891 4016 Pomugahrae.1)

162 4055 330 4126 Carissimo.
370 4057 512 4144 Cepimus
535 4080 682 4146 maguam
704 4061 802 4130 animi
822 4061 975 4130 laetitiam
997 4080 1032 4127 ex
1048 4079 1083 4128 eo
1105 4061 1212 4126 aruntio
1227 4079 1317 4144 quem

80 4165 113 4232 de
133 4190 205 4238 nova
225 4177 295 4244 tuae
327 4175 501 4242 serenitatis
524 4196 594 4243 oum
625 4177 819 4244 serenissimo
843 4175 968 4244 Caesare
998 4176 1160 4244 affirritatis
1189 4175 1315 4244 conium-

163 4349 180 4410 ¹l
198 4355 316 4412 tuebatur
336 4357 476 4412 jamdudum
500 4357 529 4405 de
553 4357 701 4405 matrlmouto
720 4357 841 4406 Elisabeth
865 4358 952 4405 mrorir
974 4357 1035 4414 reate
1059 4371 1111 4405 cum
1130 4355 1212 4404 cnoro
1235 4355 1259 4416 l,
1277 4357 1317 4416 qul

76 4443 134 4494 inter
149 4453 237 4501 nean
254 4455 357 4502 eiusdem
371 4454 455 4502 vinculi
468 4467 511 4514 ope
529 4455 639 4514 sperabat
650 4457 767 4516 proadem
785 4455 896 4516 pecuniae
908 4455 1028 4503 sublevare
1046 4454 1156 4514 inopiam.
