3152 4902
769 261 1013 328 -152—

857 486 929 551 llo

646 649 1126 712 Flanossoothnomamflno.

346 803 465 869 Dileote
488 803 543 870 fili
589 805 672 870 Haec
687 805 860 890 tsmpomm
881 809 914 872 et
935 825 1038 872 rerum
1052 806 1249 890 perturbatio,
1272 825 1348 890 quse
1363 808 1445 872 tants
1457 807 1497 871 est

258 921 404 1000 quantam
427 939 489 985 non
511 921 589 984 alias
611 920 674 986 fere
695 921 833 988 extitisse
855 921 1016 1002 erudimus,
1038 921 1121 1007 cogit
1136 941 1191 988 nos
1214 922 1319 1007 inopes
1342 905 1497 1006 quotidiani

257 1035 461 1118 ordinariique
491 1037 633 1115 remedii,
662 1037 702 1102 ad
724 1038 853 1103 consiliu
875 1038 1036 1122 confugere
1064 1037 1275 1118 inusitatioru,
1304 1057 1380 1122 quse
1408 1039 1498 1102 tamen

257 1151 413 1236 praeclara
435 1153 467 1216 et
490 1153 637 1220 salutarie
659 1154 723 1220 tore
746 1173 807 1220 nen
828 1153 1015 1233 dubitamus,
1039 1142 1075 1219 si¹
1089 1173 1155 1220 rem
1178 1154 1254 1220 bene
1277 1155 1446 1238 susceptam
1465 1152 1498 1218 ed

258 1269 399 1352 optutum
421 1268 537 1334 exitum
559 1268 727 1352 poterimus
749 1270 925 1354 perducem
948 1289 1077 1355 cumque
1099 1269 1133 1336 in
1147 1270 1298 1337 eiusmodi
1320 1273 1422 1337 nostro
1435 1289 1498 1336 con-

259 1384 330 1450 silio
352 1383 525 1468 exequendo
548 1385 681 1450 multum
703 1386 737 1451 in
759 1386 819 1453 tide
840 1389 872 1452 et
893 1386 1007 1452 virtuts
1028 1387 1082 1451 tua
1097 1385 1334 1472 acquiescamus,
1359 1386 1500 1452 mittimus

260 1499 300 1564 sd
322 1502 352 1566 tc
375 1500 428 1566 dil
451 1501 494 1566 til
517 1499 682 1567 Nicolaum
704 1500 955 1568 blalebiarellum
984 1501 1082 1568 ciuem
1110 1502 1332 1594 Florentinum,
1361 1521 1430 1569 oum
1449 1519 1499 1588 quo

258 1616 362 1682 omnia
384 1616 472 1682 nobis
495 1617 627 1682 tractate
648 1617 872 1684 communicem
901 1618 1132 1703 examinatusque
1155 1619 1236 1698 sunt
1266 1618 1320 1704 qui
1342 1619 1382 1684 ad
1404 1621 1433 1685 te
1452 1616 1498 1684 de·

259 1733 337 1799 terat
361 1735 449 1817 teque
471 1733 560 1817 plene
582 1733 725 1812 instrum,
755 1736 787 1799 et
807 1734 882 1818 quid
904 1753 960 1800 nos
982 1733 1246 1818 designaverimus
1268 1753 1397 1820 quemve
1419 1735 1499 1800 tinem

260 1851 431 1933 spectemus
454 1849 547 1915 facist
568 1849 736 1916 certiorem
781 1850 870 1916 Hunc
892 1869 964 1936 ergo
987 1849 1226 1935 diligentissime
1247 1851 1353 1917 audies
1375 1853 1406 1918 et
1419 1850 1500 1917 fidem

259 1964 288 2030 ei
313 1983 467 2030 summum
490 1964 633 2042 hebebis;
656 1985 691 2030 ec
714 1965 742 2030 si
764 1967 799 2031 tu
813 1966 866 2050 qui
888 1966 922 2032 in
943 1986 976 2032 re
997 1965 1132 2051 presenti
1154 1985 1187 2032 es
1210 1966 1387 2052 cognoveris
1408 1968 1438 2032 et
1458 1965 1499 2030 iu·

260 2079 372 2145 dicaris
396 2080 518 2146 meilem
540 2080 603 2146 lore
633 2101 699 2148 rem
720 2083 753 2147 et
774 2080 813 2147 ad
835 2101 905 2148 enm
928 2082 1044 2148 exitum
1066 2080 1105 2147 ad
1127 2100 1220 2167 quem
1240 2101 1294 2166 per
1316 2101 1373 2149 nos
1394 2082 1500 2150 intents

259 2197 307 2260 est
322 2195 534 2280 profecturum
557 2196 665 2262 statim
680 2215 736 2262 nos
759 2196 796 2264 de
811 2198 896 2263 omni
918 2200 972 2263 tua
986 2197 1127 2283 opinione
1149 2216 1185 2264 ac
1204 2197 1357 2264 sententia
1371 2198 1501 2264 certiores

259 2310 364 2390 sacius,
388 2311 416 2376 si
438 2330 508 2377 voro
530 2331 589 2397 quo
611 2311 714 2378 minus
743 2312 881 2397 expedite
902 2315 935 2379 et
957 2313 1047 2398 plane
1069 2313 1174 2397 pertici
1202 2313 1302 2397 possit
1330 2313 1432 2400 ulique
1452 2312 1502 2380 tibi

262 2428 383 2492 obstare
405 2430 437 2492 et
457 2427 676 2512 impedimento
698 2447 764 2495 esse
787 2428 970 2494 videbuntur
991 2429 1028 2496 de
1050 2429 1192 2495 omnibus
1214 2448 1301 2495 cures
1324 2431 1361 2495 ut
1381 2430 1503 2496 sciemus

262 2547 298 2608 ut
319 2543 399 2630 quod
414 2543 553 2628 expedire
574 2546 606 2609 et
627 2543 661 2610 in
683 2563 748 2610 rem
763 2564 830 2611 esse
852 2545 953 2612 visum
976 2545 1064 2612 nobis
1087 2543 1180 2611 uruit
1193 2544 1348 2630 possimus
1371 2544 1502 2613 contiuuo

263 2659 436 2725 deliberare.
482 2661 544 2726 Res
559 2679 672 2744 magna
694 2661 792 2727 estut
814 2661 984 2728 iudicemus
1006 2663 1037 2728 et
1053 2662 1136 2728 salus
1151 2663 1200 2728 est
1221 2660 1255 2727 in
1277 2681 1313 2728 eu
1328 2681 1398 2729 cum
1414 2663 1504 2728 sistus

263 2775 461 2841 ecclesiastici
490 2777 557 2842 tum
580 2775 675 2842 totius
698 2777 807 2844 Iteliue
836 2797 872 2842 ec
902 2797 995 2862 prope
1024 2777 1182 2844 universae
1204 2777 1440 2845 christianitatis
1461 2795 1503 2842 re·

262 2891 371 2976 posite.
401 2890 460 2958 Sed
482 2911 558 2977 opus
580 2911 647 2958 esse
669 2891 855 2958 arbitramur
876 2913 937 2960 non
960 2894 1060 2960 solum
1082 2891 1187 2960 ordine
1209 2894 1240 2959 et
1262 2892 1423 2979 diligentis
1445 2892 1503 2959 sin·

263 3007 364 3092 gulari
379 3006 433 3072 sed
446 3009 619 3078 nostrorum
634 3006 728 3074 etiem
743 3009 923 3093 populorum
939 3008 1040 3076 studio
1055 3011 1146 3094 utque
1161 3028 1270 3076 umere
1310 3006 1504 3090 Quamobrem

263 3125 297 3188 tu
320 3123 369 3188 cui
383 3124 550 3208 plurimum
565 3123 716 3190 oredimus
731 3125 842 3210 quique
856 3144 981 3209 presens
1002 3127 1160 3212 perspecte
1174 3125 1286 3192 bubero
1300 3125 1403 3192 omnis
1416 3125 1505 3210 potes,

263 3258 296 3304 re
319 3239 394 3305 bene
417 3241 455 3304 sb
479 3239 546 3325 ipso
569 3239 696 3307 Nicolao
718 3241 882 3321 intellecta,
906 3241 1014 3307 statim
1036 3261 1092 3308 nos
1114 3260 1167 3327 per
1195 3241 1317 3308 litteras
1340 3240 1506 3308 secretiores

263 3353 411 3434 edocebis,
440 3355 512 3440 qnid
542 3355 602 3422 tibi
622 3355 660 3422 de
682 3376 714 3422 re
743 3359 810 3423 tots
841 3355 986 3438 videatur,
1015 3357 1048 3424 in
1070 3377 1129 3442 quo
1159 3359 1191 3423 et
1219 3357 1413 3442 &mentium
1442 3357 1507 3422 ete

264 3469 419 3555 querimus
434 3472 466 3538 et
480 3471 676 3540 celeritatem.
721 3473 837 3539 Datum
852 3473 967 3540 Romae
982 3475 1038 3540 etc.
1054 3472 1103 3539 die
1119 3473 1158 3540 ri
1172 3472 1261 3540 Junii
1275 3473 1395 3540 mdnr.
1424 3473 1507 3539 Anno

265 3583 403 3653 secunde.

855 3849 929 3918 111.

796 4012 991 4076 cassant

353 4165 526 4236 Carissimo.
573 4168 630 4235 His
653 4167 760 4236 diebus
783 4188 853 4236 cnm
875 4168 913 4236 de
941 4168 1126 4237 tumultibus
1149 4167 1332 4238 Germuniue
1354 4189 1430 4258 quae
1451 4169 1506 4236 fere

264 4285 331 4352 sou
354 4283 418 4349 illis
441 4283 547 4368 impiis
569 4283 760 4352 Lutheranse
789 4284 982 4370 pestilentiae
1006 4285 1175 4354 seminibus
1196 4287 1377 4372 perturbate
1398 4287 1436 4354 sd
1455 4303 1506 4352 uo·

265 4399 376 4464 bilium
399 4401 430 4464 et
451 4399 624 4484 principum
647 4419 770 4467 suorum
792 4400 914 4467 cundem
936 4400 1190 4486 ecclesiarumque
1219 4401 1421 4487 direptionem
1441 4419 1507 4468 oon·
