3132 4910
749 291 992 358 -326—

245 481 281 548 de
304 483 333 548 lo
357 504 413 568 que
436 485 476 549 ba
500 483 666 562 suooedido‚
690 505 709 569 y
731 503 816 552 como
839 488 906 552 esta
928 505 1015 570 proso
1042 505 1080 551 en
1102 505 1154 570 my
1177 484 1270 570 poder
1291 486 1320 552 el
1345 485 1467 552 ebriatis·

244 599 372 666 nissimo
402 619 453 684 roy
476 600 513 666 de
536 600 665 683 bbauoia
686 619 706 684 y
728 601 866 668 tambieu
895 603 961 668 esta
982 619 1070 687 proso
1093 602 1122 668 el
1149 621 1262 684 quase
1290 603 1410 668 nombre
1428 619 1468 684 reo

244 713 280 779 do
303 713 441 780 Navarra
464 736 483 800 y
505 715 534 781 el
557 715 691 781 almirall
720 719 845 796 maesto,
875 737 895 802 y
925 717 1061 808 tambieu
1088 717 1133 782 La
1154 717 1301 783 tramuila
1328 735 1381 783 oon
1403 719 1469 782 obes

243 830 379 908 morbos,
401 830 491 896 barne
514 831 652 915 pareoido
675 832 793 897 embiar
807 850 825 897 e
840 833 929 898 beser
950 834 998 898 loe
1019 833 1084 916 pies
1100 851 1119 897 a
1133 852 1160 898 v.
1177 851 1200 898 a.
1215 852 1236 916 y
1251 833 1470 917 oougratubme

244 943 282 1011 de
297 964 352 1011 aua
367 947 465 1012 bueua
487 948 622 1024 ueubrra,
645 966 719 1031 pues
742 966 800 1030 que
824 947 927 1014 aiendo
950 969 976 1016 v.
994 967 1016 1015 e.
1032 948 1125 1032 padre
1139 969 1159 1033 y
1173 949 1324 1033 protector
1345 947 1380 1013 de
1396 947 1470 1012 Italia

244 1060 502 1145 prinoipaimeute‚
526 1081 558 1128 es
581 1061 618 1129 de
642 1083 667 1128 v.
684 1064 712 1129 b.
736 1063 802 1128 esta
824 1063 958 1130 victoria.
1004 1061 1151 1130 Cousnm
1174 1063 1250 1130 Dios
1273 1083 1302 1130 n
1318 1083 1341 1128 s.
1365 1063 1471 1144 tanay

244 1292 372 1357 Febrere
396 1292 513 1358 mdrxv.

962 1409 1009 1476 De
1029 1429 1058 1477 v.
1082 1429 1105 1476 s.

583 1544 655 1610 rnuy
679 1523 778 1590 bumil
800 1545 819 1611 y
842 1525 949 1592 devoto
972 1525 1106 1592 servidor
1128 1543 1185 1608 que
1209 1545 1262 1591 aue
1285 1545 1309 1592 e.
1331 1525 1393 1608 pies
1413 1526 1472 1589 beea

949 1639 987 1707 de
1009 1641 1119 1724 Iauoy.

834 1901 906 1966 245.

622 2067 663 2124 R.
686 2065 822 2125 Paoeus
844 2064 1016 2126 Clementi
1040 2066 1113 2125 VII.

679 2173 765 2260 (Litt
788 2174 882 2260 prino.
906 2175 962 2240 111.
987 2173 1052 2260 34).

721 2291 787 2376 (21.
801 2291 888 2357 Febr.
907 2289 1016 2376 1525).

331 2447 468 2514 Nouoius
485 2467 508 2515 s.
532 2451 602 2516 tuae
625 2449 677 2534 qui
699 2450 750 2516 bio
772 2451 838 2534 egit
867 2450 1005 2535 exposuit
1027 2451 1105 2518 mibi
1128 2449 1278 2536 quaedam
1301 2452 1411 2518 amiras
1430 2467 1471 2514 ex·

241 2564 461 2646 postulationes
476 2583 552 2650 quae
567 2584 623 2649 ego
638 2565 775 2633 aieissim
794 2566 891 2633 amice
906 2567 937 2632 et
951 2567 1129 2644 reverenter,
1154 2567 1234 2634 aiout
1248 2567 1358 2646 deouit
1379 2563 1472 2635 anuo

240 2695 301 2744 uon
324 2680 427 2746 tamen
450 2682 563 2764 absque
586 2681 643 2747 bae
666 2680 865 2748 admiratione
888 2681 968 2766 quod
982 2681 1137 2748 beatitudo
1159 2685 1214 2748 tua
1235 2682 1377 2749 adhibuit
1395 2679 1471 2746 fidon

240 2792 422 2878 quibusdam
445 2795 482 2860 de
505 2815 554 2861 me
569 2795 683 2875 relatis,
707 2815 782 2879 quae
806 2814 866 2861 uou
888 2796 977 2863 modo
993 2796 1072 2862 talea
1096 2797 1148 2862 sed
1164 2801 1195 2863 et
1211 2799 1307 2864 stulte
1324 2797 1399 2864 eunt
1419 2795 1472 2877 Ego

241 2909 322 2974 enim
345 2928 406 2975 uou
430 2929 498 2976 sum
521 2910 595 2976 adeo
618 2911 745 2995 ignaras
775 2931 876 2978 rerum
899 2913 934 2976 ut
962 2930 1127 2997 oouquerar
1149 2911 1187 2978 de
1209 2913 1290 2978 bello
1321 2908 1472 2979 nutritoiu

241 3025 332 3090 Italia
354 3045 448 3109 quum
470 3026 550 3092 nibil
572 3025 672 3111 magis
696 3025 835 3110 expediat
864 3027 988 3112 negorio
1010 3027 1093 3111 regis
1116 3028 1178 3094 mei
1199 3046 1292 3111 quam
1316 3030 1351 3094 ut
1372 3041 1472 3108 sempe

241 3139 356 3204 bellum
378 3139 411 3206 iu
434 3141 526 3207 Italia
549 3142 701 3208 nutriatis.
732 3142 836 3226 Longe
859 3163 882 3208 s.
898 3142 990 3208 Pater
1006 3145 1044 3208 ab
1068 3141 1169 3209 auimo
1192 3159 1260 3207 meo
1283 3142 1343 3207 fuit
1361 3143 1412 3206 boo
1429 3157 1470 3203 re·

240 3254 368 3321 motum.
400 3253 459 3322 Sed
482 3255 559 3323 illud
583 3258 775 3323 rabemeuter
798 3256 850 3323 diu
866 3257 950 3323 dolui
971 3258 1051 3341 quod
1069 3277 1105 3324 ea
1120 3258 1170 3322 via
1192 3276 1252 3342 qua
1266 3259 1321 3322 tua
1336 3278 1358 3324 a.
1373 3255 1472 3340 optimo

242 3367 290 3455 (ut
305 3369 423 3456 opinor)
447 3371 550 3438 auimo
573 3371 611 3438 ad
627 3391 731 3455 paoem
754 3371 874 3456 ingredi
893 3375 941 3438 est
963 3375 1078 3452 conata
1102 3371 1180 3438 mihi
1197 3372 1262 3437 visa
1283 3375 1333 3438 est
1354 3366 1472 3437 diuturui

240 3485 314 3551 beili
328 3485 497 3552 fomentum
521 3505 581 3554 uon
603 3487 636 3552 iu
652 3487 743 3553 Italia
766 3489 888 3554 tautum
904 3487 956 3554 sed
979 3507 1031 3573 per
1046 3490 1146 3554 totum
1168 3488 1272 3554 orbem
1287 3487 1472 3553 christianum

239 3599 402 3678 eroitaudi;
422 3599 495 3666 adeo
518 3603 552 3667 ut
567 3602 646 3668 mihi
668 3603 706 3668 ab
721 3602 836 3688 Anglia
858 3602 1033 3670 commissio
1057 3603 1119 3670 iam
1142 3603 1184 3669 sit
1205 3603 1303 3670 allata
1324 3603 1364 3670 ad
1381 3602 1473 3667 ducem

239 3715 389 3782 Burbouii
411 3715 450 3782 ad
472 3734 600 3800 reguum
624 3736 726 3784 meum
750 3717 985 3798 oouduoeudouu‚
1013 3718 1041 3783 si
1064 3716 1163 3784 Gallis
1186 3718 1314 3786 viatoria
1335 3715 1474 3786 obveniret

240 3832 274 3898 ia
296 3832 396 3911 Italia,
419 3834 454 3896 ut
476 3833 541 3898 eius
564 3833 690 3900 oonsilio
714 3853 791 3900 nova
807 3835 884 3900 ratio
908 3833 983 3900 belli
1004 3835 1085 3901 tana
1108 3833 1244 3920 marique
1266 3852 1321 3918 per
1342 3831 1473 3918 dugliam

241 3946 333 4012 simul
363 3948 394 4012 et
417 3946 600 4032 Hispaniam
628 3949 771 4016 extremis
801 3949 916 4014 viribus
946 3950 1107 4032 gereretur.
1154 3948 1306 4016 Obiioitur
1335 3949 1473 4033 praeterea

240 4060 319 4128 mihi
342 4061 422 4145 quod
444 4063 541 4130 soribo
564 4082 617 4147 per
639 4063 742 4130 orbem
758 4082 852 4147 quum
875 4083 912 4129 ue
934 4082 988 4146 per
1002 4063 1092 4128 urbes
1114 4061 1237 4146 quidem
1259 4063 1387 4130 libenter
1407 4059 1474 4127 sori·

240 4177 321 4254 bam,
350 4177 413 4243 uisi
443 4178 500 4246 boo
529 4178 571 4244 sit
592 4179 723 4246 seribere
749 4198 803 4262 per
824 4178 928 4246 orbem
957 4197 1052 4262 quum
1082 4177 1180 4246 eoribo
1209 4177 1249 4244 ad
1277 4181 1360 4244 masa
1389 4177 1475 4261 ipsius

242 4291 437 4359 sanctitatem
458 4296 489 4359 et
511 4295 657 4379 principia
673 4294 734 4360 mei
756 4295 913 4360 oratorem.
945 4293 1060 4379 Soripei
1082 4292 1121 4360 ed
1138 4293 1313 4379 episeopum
1327 4293 1475 4360 Polansan

242 4423 331 4486 quem
361 4406 558 4472 elimatae
588 4410 666 4475 mibi
695 4409 919 4476 commendavit
948 4413 1093 4494 tanquam
1121 4409 1300 4493 prudentem
1328 4408 1425 4474 uirum
1451 4407 1475 4470 et
