3152 4902
775 269 1019 334 -124-

269 460 411 526 Facimus
435 461 517 528 enim
533 462 692 546 permagni
715 463 745 528 61
767 463 913 528 iudicium
937 465 968 528 et
983 462 1219 529 benivolentiam
1243 463 1329 529 tuam
1345 463 1375 530 61
1395 481 1444 546 pro
1456 461 1499 527 illo

141 631 143 638 ,
269 578 393 662 paterno
417 598 519 644 amore
541 598 599 662 quo
621 579 738 642 nob.tull
762 581 848 644 tuam
877 578 1069 662 peculiariter
1091 578 1242 662 prosecuti
1272 599 1389 662 semper
1411 599 1498 643 sunu<

269 692 371 758 omnia
395 695 447 758 tua
470 694 561 758 chara
584 695 614 758 et
636 693 767 760 iucunda
797 694 960 770 habemus3
983 695 1081 759 animi
1103 694 1226 778 quidem
1255 695 1351 760 nostri
1381 691 1499 778 perpetui

268 827 340 892 erga
363 809 545 894 dignitatem
569 812 600 876 61
621 809 855 894 amplitudinem
870 809 1008 876 Caesaris
1030 809 1180 876 Dominus
1203 811 1292 877 testis
1314 813 1370 888 661
1392 809 1437 875 661
1455 811 1500 874 hoc

268 925 331 990 iam
354 925 495 1010 adempto
518 926 550 991 et
573 926 693 991 sublato
716 927 917 992 contentionis
941 927 1055 1004 fomite,
1085 946 1146 992 non
1168 927 1299 1010 pristina
1323 926 1420 992 solum
1440 944 1498 990 cou-

268 1039 419 1106 iunetione
449 1041 617 1119 amicitiae,
648 1041 700 1107 sed
730 1045 873 1125 perpetuo
903 1043 934 1108 et
963 1041 1134 1108 inviolabili
1156 1042 1255 1108 federe
1285 1042 1421 1127 colligati
1448 1062 1499 1106 esse

268 1156 428 1234 voluimus,
452 1156 483 1221 in
507 1175 565 1240 quo
588 1159 658 1222 tuae
680 1175 797 1241 quoque
820 1159 921 1242 partes
937 1158 1100 1242 primariae
1115 1158 1296 1234 extitenunt;
1319 1157 1385 1224 eius
1407 1157 1500 1224 federis

268 1271 439 1356 exemplum
463 1270 502 1336 ad
524 1271 576 1336 dil
600 1271 630 1337 ti.
653 1272 787 1339 nobilem
818 1273 917 1338 virum
948 1273 1115 1358 riceregom
1138 1273 1377 1358 Neapolitanum
1399 1275 1499 1358 cepin-

267 1407 356 1452 nuum
381 1388 553 1470 generalem
577 1385 714 1452 Caesaris
737 1388 822 1453 mitti
845 1388 1067 1468 mandavimus,
1089 1391 1124 1454 ut
1146 1409 1319 1474 quanquam
1342 1389 1394 1454 hic
1417 1388 1499 1472 stipu-

267 1502 364 1567 latum
387 1505 418 1568 61
434 1501 586 1568 sancitum
609 1505 698 1580 esset
721 1504 786 1570 cius
802 1505 905 1570 tamen
922 1504 1080 1571 accedente
1095 1524 1242 1572 consensu
1264 1506 1500 1589 comprobaretur.

265 1638 284 1682 a
307 1637 365 1702 quo
388 1616 427 1682 ad
449 1619 480 1683 te
503 1618 775 1684 transmittendum
805 1640 865 1686 non
887 1620 1064 1687 dubitamus
1086 1623 1118 1687 61
1140 1640 1195 1687 666
1218 1620 1312 1687 etiam
1347 1619 1499 1686 transmitti

266 1733 489 1813 mandabimus,
513 1734 606 1799 etiam
636 1735 806 1820 cogitantes
836 1737 957 1802 mittere
981 1737 1020 1802 ad
1042 1737 1107 1802 dies
1130 1737 1247 1821 aliquot
1268 1737 1424 1803 hominem
1445 1755 1499 1801 om·

265 1850 351 1914 nium
381 1849 559 1916 intimorum
590 1849 783 1918 consilioruun
814 1855 987 1919 nostrorum
1017 1853 1105 1936 plane
1135 1853 1335 1934 instructum,
1366 1854 1499 1938 quicum

265 1964 357 2030 nob.te
386 1967 438 2030 tua
462 1964 597 2030 conferat
625 1967 656 2032 et
685 1968 888 2034 communicet
917 1969 1028 2035 omnia.
1074 1968 1156 2034 Illud
1179 1969 1319 2034 volumus
1343 1969 1500 2034 existimare

264 2081 380 2146 66161611
404 2083 499 2160 tuam,
521 2081 684 2166 postquam
706 2081 827 2148 licitum
851 2084 882 2148 id
905 2084 992 2150 nobis
1016 2085 1076 2150 fuit
1097 2087 1128 2150 et
1150 2084 1297 2168 pastorali
1320 2085 1498 2150 6111616666-

265 2195 388 2260 veniens
412 2195 532 2280 quando
561 2197 617 2262 hoo
639 2197 738 2264 federe
769 2219 829 2265 uon
851 2199 999 2286 impedita
1021 2202 1069 2266 est
1091 2200 1163 2266 boni
1192 2200 1358 2284 pontificiis
1380 2217 1500 2284 persona

262 2311 341 2376 nihil
356 2331 412 2376 nos
428 2311 574 2378 libentius
589 2313 686 2379 facere
701 2315 836 2398 potuisse
851 2334 943 2399 quam
959 2315 1081 2382 Caesari
1103 2317 1135 2382 et
1150 2315 1207 2382 tibi
1231 2315 1330 2382 federe
1345 2313 1499 2382 cummunis

262 2426 415 2493 amicitiae
445 2429 476 2496 et
507 2427 578 2494 fidei
608 2430 763 2514 copulatos
785 2451 860 2512 esse,
891 2451 983 2517 quam
1013 2431 1254 2498 coniunctionem
1283 2435 1453 2516 perpetuam
1475 2429 1499 2492 et

262 2545 362 2608 ratem
385 2543 469 2608 omni
484 2545 733 2612 constantissimo
749 2565 850 2613 amore
874 2567 979 2614 sumus
996 2548 1152 2614 seruaturi.
1192 2548 1237 2614 De
1260 2567 1319 2631 quo
1335 2547 1423 2612 latius
1437 2564 1498 2608 curn

261 2657 354 2724 nob.te
377 2659 429 2723 tua
452 2658 580 2725 dilectus
604 2660 686 2726 lilius
709 2662 913 2748 Hieronymus
936 2664 1080 2730 Rorarius
1103 2663 1231 2730 nuncius
1254 2665 1364 2740 noster,
1386 2659 1497 2726 6611116
1568 2689 1569 2710 r

261 2773 352 2839 iidem
376 2775 508 2841 habebit.
553 2776 670 2842 Datum
693 2777 807 2844 Romae
829 2777 878 2844 die
902 2779 952 2845 vii.
968 2778 1084 2863 Aprilis
1102 2778 1221 2846 mdrrv.
1259 2778 1349 2846 Anno
1372 2775 1497 2845 secundo.

860 3039 911 3104 92.

746 3204 1019 3264 Mutinensibus·

347 3357 461 3424 Dilecti
490 3358 556 3424 tilii.
603 3358 677 3443 Egit
705 3357 864 3424 nobiscum
893 3357 945 3424 dil
975 3358 1076 3425 616.
1106 3358 1268 3442 Philippus
1298 3355 1496 3423 Cavellarinus

257 3471 332 3538 civis
356 3475 387 3538 61
409 3475 509 3540 orator
524 3475 624 3542 vester
646 3493 723 3558 quae
745 3473 865 3540 euobis
888 3471 1033 3540 mandata
1056 3473 1095 3540 ad
1110 3493 1164 3540 nos
1179 3473 1321 3552 habebat,
1344 3492 1430 3558 quem
1446 3487 1496 3535 nos

256 3588 411 3655 hominem
434 3591 465 3656 et
487 3589 567 3675 quod
588 3609 658 3656 eum
681 3589 853 3656 modestum
882 3589 1120 3675 prudentemque
1142 3589 1353 3675 cognoscimus
1376 3587 1406 3654 61
1425 3581 1496 3672 quod

255 3703 288 3769 in
303 3703 400 3788 ipsius
416 3723 543 3790 persona
565 3705 720 3771 6161161616
736 3706 830 3771 istam
853 3707 990 3772 nostram
1008 3705 1096 3772 nohis
1111 3705 1325 3771 charissimam
1348 3703 1495 3770 nobiscum
1566 3765 1567 3792 ἶ

254 3822 428 3906 loquentem
457 3821 558 3887 videre
588 3821 780 3900 videbamur,
811 3820 983 3887 audivimus
1012 3821 1195 3906 perlibenter
1224 3821 1311 3904 eique
1341 3817 1494 3904 inquibus

254 3937 409 4020 potuimus
433 3957 548 4004 morem
571 3957 674 4024 gerere
698 3955 803 4002 sumus
827 3937 942 4012 conati3
973 3937 1049 4002 66116
1078 3936 1286 4022 intelligentes
1317 3931 1495 4002 vostramin

255 4072 309 4118 nos
338 4054 370 4119 61
399 4051 544 4120 Sanctam
575 4051 683 4120 Sedem
714 4051 912 4136 apostolicam
941 4052 1033 4118 iidem
1062 4072 1098 4118 ae
1127 4052 1331 4118 constantiam
1362 4049 1494 4116 meritam

254 4167 357 4234 omnia
379 4189 455 4253 quae
469 4187 531 4234 non
547 4168 644 4234 solum
661 4187 679 4233 a
694 4168 796 4234 debito
820 4166 872 4233 sed
888 4186 906 4232 a
920 4167 1105 4234 liberalitate
1127 4186 1244 4252 quoque
1258 4169 1363 4232 nostra
1378 4163 1494 4250 possum

254 4283 418 4367 proticisci:
442 4283 495 4350 sed
510 4305 546 4350 ea
568 4287 615 4350 661
630 4283 768 4350 omnium
790 4302 891 4348 rerum
914 4281 1080 4350 difficultas
1095 4285 1126 4351 61
1148 4284 1319 4368 temporum
1334 4282 1495 4349 incommo-
1565 4347 1566 4369 χ

252 4397 333 4463 ditas
356 4400 391 4464 ut
413 4399 441 4464 si
463 4419 523 4466 non
552 4401 675 4466 omnino
704 4397 905 4484 expectationi
933 4401 1051 4465 vestrae
1074 4398 1288 4480 satisfecimus,
1318 4398 1360 4464 sit
1381 4397 1491 4462 vestroe
