3192 4930
172 300 219 369 VI

174 501 325 585 principes
355 501 457 582 misit,
486 499 668 587 quibusdam
698 499 911 568 historicarum
945 519 1047 568 rernm
1081 497 1278 587 scriptoribus
1308 499 1423 586 ignota,

174 615 319 700 quicum
341 618 475 701 arguunt
503 616 628 700 proinde
657 635 692 683 ao
715 617 742 682 si
770 617 938 700 periculum
960 617 1137 702 Hungariae
1165 617 1343 702 impendens
1366 636 1421 683 ue·

174 731 328 816 glexissst
374 735 451 809 „Ad
472 735 556 798 hane
585 735 676 808 dien,
708 733 808 816 inquit
830 732 972 816 pontifex,
1001 753 1070 818 spec
1096 733 1229 798 idaeam
1257 737 1424 798 minuam

174 850 292 912 noenta
318 852 457 914 maaime
481 850 668 933 praesidiis,
697 851 814 912 noemia
832 851 974 932 pecuniis
994 857 1169 914 minitata
1193 858 1252 924 eat,
1282 869 1424 932 canopica

175 966 316 1044 peditam
347 967 481 1046 quinque
509 963 628 1038 millia,
658 966 771 1046 equitas
801 965 947 1028 ducentos
976 967 1033 1029 aab
1061 966 1160 1048 cyno
1189 968 1223 1028 in
1246 965 1422 1048 Hunpnrtc

176 1077 386 1162 becennest)
418 1079 461 1144 lt
479 1077 611 1157 Carolus
634 1079 786 1163 pontificis
808 1078 1003 1145 hortamenta
1025 1078 1211 1162 consiliaque
1233 1079 1423 1163 aspematns,

175 1193 400 1273 Columnensss‚
424 1193 563 1259 homines
586 1193 777 1260 turbulentos
799 1173 836 1259 et
853 1193 892 1260 ad
914 1193 1018 1260 emnia
1039 1193 1175 1260 facinora
1203 1196 1334 1278 paratos,
1363 1194 1422 1260 sti·

176 1310 322 1389 mulnhat,
344 1311 379 1375 nt
401 1310 546 1394 populum
568 1310 740 1376 Romanum
763 1309 802 1374 ad
823 1310 1019 1376 rebellionem
1040 1309 1210 1376 incitarent

265 1425 357 1492 Cuius
380 1426 425 1492 rei
446 1428 625 1510 argumento
647 1426 696 1490 est
717 1426 785 1491 tum
807 1426 936 1509 epistola
957 1423 1124 1492 Clementis
1146 1426 1186 1493 cd
1208 1445 1311 1511 regom
1331 1425 1424 1492 Lusi·

176 1541 317 1629 tanias,²)
342 1542 395 1608 ubi
416 1541 593 1608 huiusmodi
614 1542 695 1607 artes
718 1543 750 1606 et
771 1540 919 1608 immania
941 1541 1054 1608 scelera
1076 1542 1238 1608 narrantur
1259 1542 1293 1608 in
1315 1561 1424 1627 perpe·

74 1639 81 1658 ⁸
175 1659 263 1723 tuum
286 1657 416 1724 istomm
431 1657 559 1724 dedecus
575 1659 665 1741 atque
687 1647 903 1741 ignominiam
926 1657 993 1722 tum
1011 1657 1157 1742 epistolae
1171 1656 1324 1725 Bonifatii
1339 1658 1424 1725 VIII.

177 1774 364 1858 aliommqne
386 1772 563 1857 pontificum
585 1773 801 1851 Romanorum,
824 1772 877 1856 qui
899 1771 1115 1839 Columnenses
1138 1773 1299 1858 perhibent
1321 1773 1423 1840 domi·

177 1889 271 1956 nandi
292 1887 419 1955 libidine
442 1888 635 1955 nobilitatem
657 1887 778 1973 generis
800 1888 931 1972 turpiter
952 1888 1098 1955 foedasse.

265 2003 394 2070 Interim
423 2004 557 2072 Jacobua
587 2001 747 2070 Sadoletus
777 2002 860 2070 Urbe
889 2003 1048 2088 proiectus,
1078 2002 1356 2090 Carpentoractum,
1385 2003 1424 2070 ad

177 2141 263 2188 suam
294 2120 496 2205 episcopalem
526 2119 628 2186 sedem
651 2139 683 2186 se
705 2120 889 2194 contulerat;
918 2118 1028 2186 ideirco
1050 2139 1069 2186 a
1098 2140 1203 2188 mense
1225 2120 1325 2204 Aprili
1351 2120 1424 2186 anni

179 2239 263 2305 1527
281 2235 399 2302 nullam
415 2235 447 2301 in
462 2235 610 2302 Vaticano
632 2233 754 2300 archivo
770 2233 905 2301 invenire
919 2236 968 2300 est
983 2235 1128 2319 scriptam
1143 2238 1181 2302 ab
1197 2256 1231 2303 so
1247 2235 1423 2320 epistolam

177 2370 371 2437 quamquam,
393 2369 471 2436 quae
494 2353 665 2435 supersunt
691 2369 752 2416 uon
774 2367 880 2416 omnes
903 2352 1103 2434 opportunum
1126 2351 1268 2418 duximus
1290 2352 1426 2436 integras

178 2469 352 2547 exscribere,
375 2467 429 2534 sed
451 2467 669 2533 nonnullarum
696 2467 912 2550 argumentum
936 2466 1147 2535 tantummodo
1169 2467 1321 2552 praebere,
1350 2485 1428 2551 qnae

179 2585 227 2650 vel
248 2584 335 2668 parvi
358 2584 431 2650 sunt
452 2584 602 2668 ponderis,
625 2583 674 2648 vel
695 2581 806 2648 iisdem
828 2581 890 2647 fers
912 2581 1051 2648 formulis
1073 2585 1222 2648 constant

267 2701 305 2766 In
320 2701 453 2766 extremo
468 2698 588 2778 codicis,
611 2698 664 2764 ubi
683 2697 800 2782 primae
816 2695 951 2764 Sadoleti
972 2699 1204 2782 perscriptiones
1226 2698 1445 2776 continentur*

177 2816 350 2883 invenimus
372 2815 518 2899 epistolas
540 2814 627 2895 alias,
657 2832 733 2899 quae
755 2813 860 2879 Blosio
883 2813 1060 2879 tribuendas
1083 2813 1235 2889 videntum
1259 2812 1339 2880 uude
1361 2813 1426 2879 nti·
1452 2851 1454 2856 ·

177 2932 268 2998 liores
291 2931 503 3015 excerpsimus,
525 2930 613 2996 illam
632 2929 820 3014 praesertim,
844 2929 882 2995 ad
899 2948 1054 2995 summum
1078 2929 1216 3014 equitum
1239 2928 1426 2995 Rhodiorum

179 3047 365 3132 magistrum
380 3045 492 3126 datam,
514 3046 548 3112 in
562 3065 622 3130 qua
637 3046 737 3111 multa
752 3044 895 3112 dicuntur
910 3045 946 3110 ds
962 3045 1085 3110 Melitae
1099 3045 1218 3111 insulas
1234 3045 1427 3129 occupatione

180 3162 276 3247 deque
298 3161 624 3246 ierosolymitanomm
639 3161 776 3245 equitum
792 3161 860 3245 post
875 3160 1023 3226 amissam
1038 3160 1179 3227 Rhodum
1199 3160 1428 3226 deliberationi-

43 3271 46 3278 ’
179 3279 238 3345 bus
260 3279 292 3344 et
306 3277 483 3363 consiliis.³)
522 3277 671 3360 Deinceps
687 3275 764 3342 elias
780 3275 954 3342 addidimus
970 3275 1147 3360 desumptas
1169 3293 1205 3342 er
1220 3275 1428 3342 voluminibus

179 3394 379 3478 epistolarum
408 3393 447 3458 nd
476 3393 557 3459 viros
586 3391 753 3476 principes,
783 3393 814 3456 et
843 3391 1000 3457 extribus
1023 3391 1245 3472 voluminibus,
1274 3392 1329 3458 ubi
1357 3392 1430 3458 snut

132 3545 135 3551 ·
180 3509 325 3594 epistolas
348 3509 502 3574 rariomm
524 3508 562 3574 ad
583 3507 770 3574 Clementem
786 3508 864 3586 Vll,
886 3507 920 3572 in
942 3507 1065 3572 archivo
1080 3507 1229 3573 Vaticano
1252 3507 1429 3574 observans.

181 3625 264 3692 Haec
286 3627 389 3690 autem
403 3623 465 3690 tria
479 3623 644 3704 volumina,
666 3643 760 3708 quum
783 3643 818 3689 er
834 3623 1003 3689 coniunctis
1018 3623 1215 3706 epistolamm
1232 3622 1431 3708 autographis

180 3741 411 3825 archetypisquc
426 3740 594 3824 composita
610 3739 681 3820 sint,
696 3739 816 3805 nullum
831 3738 958 3805 dubium
973 3738 1164 3823 potentoriri
1180 3738 1254 3822 quin
1262 3739 1430 3823 genuinum

182 3875 217 3922 ac
239 3856 391 3922 sincerum
420 3873 496 3940 opus
518 3874 585 3922 esse
608 3855 747 3934 debeant
777 3854 888 3939 quippe
910 3873 986 3939 quae
1009 3873 1123 3939 magna
1152 3873 1187 3920 ex
1210 3857 1296 3939 parte
1325 3854 1431 3938 sigilla

182 3973 281 4039 adhuc
309 3971 468 4056 perspicua
497 3974 528 4038 et
550 3972 647 4039 terme
675 3971 795 4056 integra
824 3990 896 4056 prae
919 3991 950 4037 se
980 3971 1089 4038 ferunt
1134 3971 1178 4037 Er
1201 3971 1240 4037 iis
1270 3971 1432 4036 occumunt

181 4087 336 4173 epistolae,
359 4107 434 4173 quas
458 4089 604 4173 scripsere
627 4085 752 4154 Carolus
767 4088 814 4166 V„
837 4087 1016 4154 Francisous
1039 4088 1073 4168 L,
1095 4086 1304 4154 Fordinandus
1327 4087 1429 4153 arohi-

181 4204 242 4271 dux
270 4204 430 4285 husones,
463 4204 638 4270 Hadrianus
668 4202 705 4269 de
734 4202 827 4288 Croy,
857 4202 1001 4270 foederati
1031 4203 1204 4283 Helvetiae,
1241 4203 1431 4269 marchiones

278 4453 295 4521 ¹)
315 4457 369 4504 noe
392 4458 448 4516 rso,
467 4457 508 4503 τοι.
527 4457 587 4505 nac.
625 4453 645 4516 η
664 4456 719 4505 noe.
742 4458 798 4514 sss,
818 4457 859 4504 ror.
879 4457 1027 4505 atr-nae.
1066 4452 1086 4516 η
1105 4455 1161 4504 noe.
1181 4457 1240 4517 ras,
1262 4456 1302 4505 nr.
1322 4457 1383 4506 nst.
