3152 4902
742 331 965 402 ..34-

230 529 337 618 gaudis
373 529 434 598 eibi
461 528 635 598 commissis
663 529 797 616 negociis
826 527 1000 616 adiungere.
1045 531 1125 600 Vere
1157 530 1243 601 enim
1272 533 1463 602 mumma
1567 563 1568 636 p

230 647 373 735 quicquid
400 647 571 731 cogitamus
592 647 742 730 pertinere
771 645 810 712 ad
839 646 973 713 nominis
995 646 1158 731 Helvetici,
1179 649 1262 736 quod
1284 650 1373 718 nobis
1392 667 1464 733 snper

229 765 332 832 omnin
353 763 436 831 cordi
456 765 513 843 est,
535 763 667 829 salutem
688 762 738 828 rel
759 761 1026 842 existimationem,
1048 782 1126 850 quae
1150 764 1178 830 si
1194 784 1333 850 unquam
1354 765 1423 832 alas
1440 763 1465 829 el
1566 748 1567 751 '

230 882 335 946 nostra
355 897 436 946 nunc
457 897 528 944 cura
557 896 592 944 ac
613 877 706 943 huius
729 875 800 944 spa
823 873 912 943 Sedis
941 877 1153 947 coniunctione
1183 880 1306 969 indiget
1326 885 1360 948 et
1379 897 1464 948 eornm
1566 880 1567 885 ’

229 983 283 1080 qui
303 995 381 1061 inibi
394 993 554 1078 prudentia
567 992 698 1078 praediti
711 993 785 1059 sunt
805 992 918 1059 eundo
940 995 1032 1079 atque
1046 995 1169 1063 uirtute.
1201 996 1374 1066 Hortamur
1387 995 1465 1080 igitur

229 1113 315 1177 tuum
330 1109 519 1176 devotionem
533 1108 566 1174 in
575 1107 706 1174 Domino
721 1109 757 1173 ut
764 1106 867 1192 ipsum
876 1107 1052 1194 episcopum
1062 1108 1227 1195 diligenter
1240 1112 1348 1182 andire
1363 1112 1465 1178 iunu-

229 1243 288 1313 qne
301 1227 333 1293 et
353 1224 446 1291 fidem
467 1223 515 1290 illi
528 1222 687 1290 indubiam
701 1224 844 1308 praebere
859 1223 945 1304 velis,
968 1243 1004 1290 ac
1025 1227 1149 1292 nostrae
1163 1227 1299 1313 optimae
1313 1227 1353 1294 de
1368 1225 1464 1309 leopi-

228 1339 314 1408 nioni
333 1343 389 1408 tua
409 1339 618 1438 benevolentia
638 1355 797 1422 argaeum
818 1341 850 1405 et
864 1340 1006 1424 operibus
1020 1340 1211 1426 respondere,
1234 1343 1348 1437 quibus
1370 1340 1466 1410 efficies

230 1457 265 1523 nt
278 1455 338 1524 tibi
349 1474 406 1523 nos
419 1474 537 1542 quoqne
550 1455 658 1522 debere
680 1454 814 1540 gratiam
829 1455 861 1521 ot
875 1456 1157 1543 compensationem
1172 1457 1335 1525 fateamur.
1368 1459 1468 1525 Datum

230 1570 346 1639 Romae
366 1571 422 1638 etc.
445 1569 494 1637 die
516 1569 590 1637 xiiii
612 1569 771 1636 Februarii
791 1567 911 1638 mdm.
956 1569 1047 1638 Anno
1070 1571 1210 1640 secundo.

547 1683 552 1688 '
793 1683 918 1774 (Poris).

514 1802 604 1868 Anno
626 1799 756 1869 secundo
778 1799 899 1869 mdm.
944 1801 1103 1869 Februarii
1124 1803 1200 1872 xiiii

230 1917 280 1986 Aa
300 1916 430 2003 triginta
450 1935 512 1984 non
540 1916 722 1983 nominatos.
766 1917 868 1984 Denos
884 1917 941 1983 sub
963 1933 1144 2004 unaquaque
1167 1919 1304 1998 nrinnta;
1327 1938 1364 1987 ac
1383 1919 1469 1987 tribus

591 2033 677 2099 intua
699 2031 862 2112 annotatis,
884 2051 938 2118 pro
960 2033 1123 2101 Verulano.

832 2291 886 2362 59.

750 2457 958 2520 valesdunis.

319 2615 506 2686 Dilectililii
530 2611 607 2680 btrm
621 2611 814 2680 mitteremus
823 2630 890 2678 ren
905 2611 1041 2679 tratrem.
1064 2613 1098 2680 n
1108 2613 1286 2700 episcopum
1294 2617 1475 2684 Verulanum

232 2735 377 2804 nuncium
398 2733 537 2800 nostnrm
564 2727 605 2796 ad
626 2727 783 2795 Heluetios
805 2728 837 2793 et
859 2726 898 2792 ad
919 2744 983 2807 uos,
1012 2726 1066 2812 qni
1087 2728 1138 2795 hie
1161 2731 1351 2816 temporibus
1372 2732 1475 2816 nbiqne

231 2850 408 2940 periculosis
429 2849 554 2915 illorum
577 2845 708 2911 mlutem
730 2844 762 2910 et
783 2861 976 2911 communem
998 2861 1105 2927 pacem
1128 2863 1222 2931 quam
1243 2847 1359 2933 impiae
1381 2849 1477 2916 sectae

231 2967 421 3036 Luthemnae
442 2963 578 3050 pravitas
607 2957 799 3027 conturbavit
826 2960 1007 3043 procuraret,
1037 2957 1176 3026 dedimus
1199 2961 1233 3027 in
1262 2962 1478 3030 mandatisut

232 3102 303 3153 cum
324 3079 534 3152 deuotionibus
556 3076 667 3144 vestris
689 3093 765 3161 quas
787 3092 849 3140 non
871 3073 970 3140 solum
993 3091 1067 3160 erga
1089 3075 1190 3141 Deum
1212 3075 1351 3163 integras
1373 3079 1427 3146 sed
1448 3077 1476 3143 in

235 3199 379 3269 Sanctam
402 3195 512 3265 Sedem
541 3190 739 3280 apostolicam
768 3189 828 3255 fide
857 3207 1018 3276 amoreque
1046 3191 1223 3258 mactantes
1252 3211 1320 3259 esse
1341 3194 1478 3261 norimus

232 3317 332 3386 mnlta
344 3314 490 3382 mactaret
510 3310 550 3377 ad
566 3310 706 3378 nostmm
720 3307 752 3373 et
769 3305 905 3372 eiusdem
921 3303 951 3373 S.
967 3302 1055 3372 Sedis
1078 3307 1272 3375 commodum
1286 3309 1479 3394 vestrumque

231 3432 429 3520 pertinentia3
458 3444 605 3511 cumpro
633 3425 739 3491 nostra
764 3439 838 3508 erga
865 3440 919 3488 uos
941 3423 1068 3506 paterna
1094 3423 1305 3490 benevolentia
1327 3443 1478 3493 summam

231 3549 397 3636 quamdam
418 3563 522 3613 curam
544 3543 579 3609 in
600 3540 703 3606 animo
725 3540 828 3606 nostm
844 3537 940 3604 sesni
961 3537 1083 3622 generis
1105 3538 1137 3604 et
1158 3538 1282 3606 honoris
1305 3539 1479 3608 babeamus

231 3664 292 3748 Qui
312 3663 435 3751 quidem
455 3661 614 3746 episcopus
635 3675 705 3722 cum
728 3655 769 3721 sit
790 3653 879 3721 nobie
901 3653 940 3719 ob
958 3653 1169 3738 integritatem
1184 3655 1216 3721 et
1230 3656 1425 3740 prudentiam
1446 3674 1479 3722 ac

230 3781 372 3869 peritiam
395 3779 531 3846 veatmm
560 3773 698 3840 omnium
727 3750 847 3837 summe
874 3770 982 3855 gratus
1005 3771 1037 3835 et
1057 3769 1212 3853 probatus,
1241 3771 1310 3838 tum
1332 3789 1405 3858 erga
1427 3790 1480 3838 vos

232 3915 334 3965 amore
355 3897 388 3964 et
409 3891 511 3961 studio
533 3893 581 3958 eet
604 3886 764 3974 singulari
809 3885 900 3952 Hunc
929 3884 963 3950 nt
984 3883 1025 3950 ad
1046 3903 1100 3950 vos
1121 3885 1315 3952 mmdentem
1337 3889 1369 3954 et
1389 3905 1481 3954 man·

231 4013 304 4081 data
326 4011 411 4079 vobis
433 4010 538 4076 nostra
558 4005 757 4090 exponentem
779 4003 866 4088 grute
881 3999 1070 4085 benigneque
1093 3999 1268 4066 admittatis
1287 4003 1480 4070 vehementer

233 4147 288 4198 voe
308 4129 342 4194 in
363 4125 496 4192 Domino
517 4122 691 4197 hortamur;
719 4119 811 4204 utque
840 4116 870 4183 ei
891 4115 976 4184 omni
996 4133 1053 4200 ope
1074 4133 1223 4201 operaque
1252 4119 1355 4185 reeb-a
1376 4118 1484 4185 adesse

231 4243 344 4312 auxilio
365 4240 468 4310 velitis
489 4257 549 4324 qno
571 4238 598 4303 is
615 4235 727 4303 melius
749 4235 781 4301 et
793 4233 960 4319 pristinam
980 4231 1062 4298 inter
1076 4230 1234 4298 Helvetios
1254 4233 1481 4301 confoederatos

232 4360 349 4428 roanos
370 4353 561 4424 concordiam
588 4351 773 4419 constituere
795 4352 828 4416 et
855 4348 1002 4416 honorem
1023 4364 1060 4413 ae
1081 4346 1173 4414 decus
1202 4351 1267 4415 atu
1295 4347 1484 4416 cardumae

232 4472 389 4560 mirionis
418 4469 558 4538 reducere
588 4467 628 4536 ad
657 4485 709 4534 eos
739 4465 793 4553 qui
822 4464 1002 4531 aberrarunt
1030 4463 1137 4550 possit
1197 4463 1369 4550 inquibus
1391 4464 1484 4530 mons
