3132 4910
757 351 1002 446 ..355-

841 701 916 768 ala.

252 866 445 926 instructio
468 867 667 926 summaria
690 866 777 926 date
799 867 946 925 nomine
960 867 1059 938 regio
1075 867 1163 928 Rev.
1185 870 1222 927 ln
1238 865 1378 929 Christo
1398 869 1472 942 potu

251 981 400 1040 domino
416 981 546 1041 loanni
562 981 752 1041 Franclsoo
776 983 948 1056 episcopo
966 979 1130 1042 scarensi
1153 986 1280 1044 nuntio
1300 984 1472 1058 apostolico

498 1100 535 1156 ln
558 1097 743 1157 Moseovla
765 1095 924 1170 (nomine
946 1100 1041 1172 ragis
1062 1098 1256 1172 poloniae).

645 1204 810 1293 (Diversor.
825 1206 865 1274 od
880 1204 973 1274 ouon
989 1207 1029 1274 11.
1047 1208 1112 1295 75).

712 1321 778 1409 (10.
794 1322 912 1407 Aprilis
930 1323 1040 1410 1526).

338 1482 505 1568 Postquam
528 1481 643 1566 placuit
659 1501 682 1549 s.
698 1481 758 1549 dno
778 1482 901 1551 mittere
922 1483 956 1551 in
971 1482 1158 1552 Moeeoviam
1174 1505 1202 1552 v.
1220 1485 1435 1569 paternitatem,
1453 1481 1476 1547 el

248 1598 441 1666 maiestatem
464 1597 581 1683 regiam
607 1597 647 1665 ad
669 1598 835 1666 ineundam
856 1617 962 1685 pacem
992 1618 1061 1666 oum
1083 1601 1138 1667 illo
1160 1600 1235 1668 duce
1258 1621 1283 1668 s.
1307 1621 1363 1668 sua
1387 1599 1475 1666 orior·

245 1717 338 1797 tatur,
360 1713 485 1780 tametsi
500 1714 615 1780 multae
632 1712 695 1779 siut
717 1731 825 1781 causae
839 1715 871 1781 ot
893 1714 1027 1781 rationes
1049 1715 1221 1782 maiestatis
1246 1735 1300 1784 suo
1315 1736 1373 1803 que
1391 1715 1474 1781 diuor-

247 1851 316 1897 sum
331 1829 467 1910 suadent,
490 1848 560 1896 omn
574 1831 696 1913 experta
719 1830 760 1896 sit
775 1830 922 1898 maiestas
945 1849 1000 1897 sua
1015 1830 1107 1898 fidem
1129 1833 1161 1898 et
1182 1831 1391 1898 iusiurandum
1404 1825 1476 1916 perri

247 1965 313 2015 esse
335 1946 417 2032 apud
437 1946 527 2012 illum
542 1945 705 2024 momenti;
728 1946 824 2012 nollet
845 1947 950 2013 tamon
964 1946 1112 2013 maiestas
1135 1967 1190 2014 sua
1204 1947 1237 2014 in
1260 1947 1319 2014 hac
1342 1967 1380 2028 re,
1399 1943 1478 2012 otilo

247 2064 390 2131 omnibus
412 2062 483 2129 aliis
506 2061 679 2144 consuevit,
701 2063 733 2128 et
754 2061 835 2129 uotis
857 2061 943 2128 illius
966 2081 989 2130 e.
1011 2064 1043 2130 ot
1065 2063 1241 2131 necessitati
1262 2063 1308 2132 roi
1336 2061 1480 2130 christine

246 2180 360 2247 abesse.

337 2294 453 2362 Verum
475 2295 546 2360 aute
568 2291 672 2359 omnia
693 2291 871 2359 certandum
893 2294 941 2360 ost
963 2312 1002 2360 ne
1024 2312 1117 2378 quam
1140 2293 1200 2360 dux
1222 2293 1289 2378 ipse
1310 2293 1478 2364 occasionem

248 2411 349 2498 capiat
378 2408 553 2494 suspicandi
581 2409 638 2474 hoo
660 2406 808 2476 instinctu
837 2409 1010 2476 molestetis
1033 2427 1087 2476 sue
1108 2409 1184 2490 fieri,
1212 2411 1346 2477 maximo
1366 2403 1482 2478 eumad

248 2527 443 2594 maiestatem
466 2544 553 2592 suam
576 2539 651 2608 pa.ar
667 2544 694 2590 v.
713 2542 774 2590 una
796 2542 867 2591 oum
889 2525 996 2593 nuntio
1013 2543 1066 2592 suo
1082 2524 1273 2593 descenderit
1295 2526 1373 2593 unde
1391 2526 1421 2591 ot
1439 2521 1480 2587 di·

247 2642 363 2729 gnitati
384 2640 555 2708 maiestatis
579 2659 632 2706 sue
654 2640 795 2706 nonnihil
817 2640 1025 2708 detraheretur
1047 2643 1079 2708 et
1102 2661 1125 2708 s.
1149 2641 1298 2710 duoster
1324 2641 1482 2726 suspectum

249 2777 281 2825 se
303 2757 384 2844 apud
405 2757 496 2824 illum
518 2754 642 2822 reddere
664 2757 775 2840 posset.

336 2874 377 2940 lit
398 2872 523 2958 proinde
551 2871 683 2958 ingenue
704 2871 754 2936 illi
782 2871 974 2938 referendum
1003 2875 1085 2940 esset
1114 2872 1261 2940 maiestas
1285 2891 1340 2940 sua
1361 2871 1392 2938 id
1411 2866 1481 2955 quod

248 3010 296 3058 res
312 2993 367 3070 est
390 2989 485 3056 fuisse
508 2987 588 3072 apud
611 2987 804 3054 maiestatem
828 3006 915 3054 suam
938 2989 1155 3073 paternitatem
1178 2990 1312 3056 vestram
1327 2992 1358 3056 et
1371 2987 1405 3054 do
1418 3002 1484 3071 pace

246 3107 326 3173 inter
347 3125 417 3174 eum
432 3107 464 3171 et
477 3104 567 3169 illum
582 3101 704 3169 nomine
725 3102 824 3187 ipsius
847 3123 870 3168 s.
886 3103 913 3170 d
930 3123 958 3170 n
974 3104 1090 3190 egisse;
1112 3104 1308 3172 maiestatem
1322 3122 1389 3171 vero
1403 3119 1482 3168 suam

244 3221 371 3289 tametsi
398 3219 591 3306 gravissimis
619 3218 740 3284 iniuriis
763 3219 801 3284 ab
824 3219 890 3302 ipso
913 3218 987 3287 duos
1010 3219 1117 3288 allecta
1146 3219 1246 3299 fuerit
1276 3219 1316 3285 ad
1338 3217 1481 3304 postulate

245 3341 349 3406 tamen
371 3337 456 3402 illius
479 3355 501 3401 e.
518 3337 549 3403 ot
570 3335 665 3400 etiam
686 3334 731 3400 rei
752 3333 935 3400 christianae
957 3353 1062 3419 paoem
1084 3334 1186 3419 ipsam
1206 3353 1285 3420 quae
1299 3334 1391 3420 digus
1407 3331 1484 3399 asset

247 3456 278 3520 ct
299 3451 349 3520 illi
369 3450 493 3519 terenda
515 3469 576 3516 non
598 3449 772 3516 detrectare.
1078 3526 1089 3540 ἡ

334 3569 381 3636 De
403 3565 626 3634 conditionibus
649 3584 718 3632 vero
741 3565 834 3649 pacis,
856 3565 929 3632 licet
950 3585 991 3632 m.
1008 3583 1071 3646 sua,
1093 3584 1163 3632 mor
1183 3567 1255 3650 post
1270 3565 1485 3650 provectionem

246 3703 334 3752 suam
356 3683 395 3748 ad
417 3700 565 3766 maguum
594 3681 739 3746 ducatum
761 3679 920 3746 Litumniao
945 3679 1070 3747 iniverit
1097 3683 1275 3765 perpetuam
1296 3699 1400 3765 paoem
1419 3695 1486 3744 cum

228 3800 311 3885 ipso
333 3799 408 3866 duce
430 3799 462 3864 et
483 3797 571 3864 illam
586 3796 698 3862 litteris
721 3797 753 3862 et
767 3797 936 3862 iuramento
952 3796 1128 3875 firmaverit
1150 3797 1261 3881 quibus
1280 3796 1347 3881 ipsa
1361 3793 1486 3870 moade,

244 3915 360 3982 bellum
382 3933 423 3980 m.
448 3931 500 3979 sue
515 3912 622 3979 intulit
642 3913 675 3978 et
689 3931 790 3978 arcem
811 3911 877 3978 eius
900 3909 1080 3978 Smolensko
1102 3931 1156 3997 por
1177 3911 1378 3996 proditionem
1398 3927 1486 3976 oemu-

243 4029 439 4115 pavitando
461 4026 633 4095 verosimile
656 4029 704 4093 est
725 4027 843 4093 nullam
872 4047 943 4094 cum
965 4045 999 4093 eo
1021 4045 1127 4112 pacem
1156 4026 1279 4093 firmam
1300 4029 1333 4094 ct
1361 4023 1485 4092 eoldum

243 4145 310 4212 lieri
330 4164 428 4230 posse.

332 4261 449 4328 Tamen
471 4278 541 4326 cum
563 4259 671 4326 iteres
694 4259 753 4326 fort
775 4260 811 4323 ut
832 4277 867 4324 ex
889 4258 956 4342 ipso
979 4276 1036 4324 usu
1059 4258 1197 4325 videatur
1219 4257 1382 4342 reipublice
1402 4254 1486 4322 eluri-

244 4372 351 4452 stione,
374 4374 514 4439 contente
529 4375 577 4440 eat
600 4393 640 4439 m.
657 4392 712 4439 suo
733 4375 765 4440 ot
787 4373 818 4439 id
834 4375 908 4459 agat
921 4394 950 4458 p.
966 4393 993 4440 v.
1017 4376 1052 4440 ut
1066 4373 1133 4458 ipsa
1155 4392 1213 4458 pax
1227 4375 1379 4458 perpetua,
1392 4388 1486 4454 quam

244 4484 333 4551 initio
355 4486 427 4552 feeit
441 4506 511 4552 cum
525 4487 579 4553 illo
595 4507 635 4553 m.
652 4505 715 4566 sua,
730 4487 931 4573 reintegretur
945 4491 976 4556 et
991 4489 1030 4554 ad
1045 4509 1117 4555 suas
1132 4489 1320 4556 conditiones
1335 4491 1364 4554 st
1380 4485 1489 4552 modos
