3192 4930
774 285 999 353 ..gp-

262 478 348 546 robis
371 476 493 546 turbare
516 479 547 544 et
575 479 703 545 miscere
725 479 757 545 et
778 479 881 546 clades
904 498 939 546 ac
968 479 1161 548 calamitates
1190 499 1348 550 conserere
1378 501 1433 550 nou
1451 499 1494 548 re·
1576 545 1577 550 ,

262 597 387 662 rentur?
411 591 470 675 Qui
494 595 523 659 si
537 594 650 661 audent
673 615 704 662 se
723 616 811 679 pares
833 596 931 662 facere
953 597 1019 663 illis
1042 597 1196 664 veteribus
1219 600 1336 666 acoelo
1358 597 1496 666 instuctis
1576 571 1577 576 ἵ

262 711 434 778 doctoribus
449 710 630 794 Augustino,
654 707 809 795 Gregorio,
833 711 1027 798 Hieronymo,
1042 712 1214 792 Ambrosio,
1235 713 1351 792 Girillo,
1367 713 1496 798 Ciprinno,

262 829 367 913 totque
390 828 421 892 et
443 826 557 891 talibus
580 825 650 890 aliis
679 825 788 892 multis
812 827 943 894 summis
966 827 998 893 et
1028 829 1234 894 sanctissimis
1267 829 1356 909 siris,
1385 845 1496 914 quamn

262 941 468 1028 imprudentia
490 942 585 1007 sunt?
614 941 694 1025 quod
716 941 820 1007 odium
843 961 903 1008 non
934 945 1112 1008 merentur?
1141 963 1294 1028 quaenam
1323 945 1440 1011 illorum
1459 945 1497 1007 est

261 1058 437 1144 arrogantia
460 1055 592 1122 stultitia
607 1056 846 1140 importunitas?
870 1055 904 1122 Si
926 1058 1030 1123 autem
1052 1057 1118 1124 illis
1133 1058 1252 1139 cedunt
1276 1061 1312 1126 ut
1334 1060 1433 1126 cedere
1452 1077 1497 1123 nc·

261 1195 344 1243 cesse
367 1175 422 1252 est,
445 1191 505 1257 qna
520 1170 765 1238 ratione'audent
786 1173 891 1238 enoc
905 1172 1030 1239 illorum
1044 1173 1112 1257 pias
1129 1173 1338 1260 salnmresque
1354 1176 1387 1242 in
1401 1173 1497 1240 auem

261 1291 420 1377 scripturis
443 1288 611 1355 senmntias
640 1305 718 1353 nova
740 1289 771 1354 et
792 1287 890 1370 impia
912 1289 945 1353 et
966 1288 1100 1354 heretica
1121 1289 1347 1356 disseminare?
1379 1288 1498 1371 Quodsi

260 1408 315 1475 isti
337 1427 355 1474 a
377 1404 497 1473 diabolo
527 1403 644 1469 inuncti
673 1404 705 1468 et
732 1402 893 1468 constituti
916 1405 996 1483 sunt
1026 1422 1079 1470 vos
1109 1423 1294 1488 quaesumus
1324 1403 1500 1472 dilectissimi
1578 1413 1579 1416 ’

260 1525 326 1604 filii,
349 1543 403 1590 ros
419 1520 575 1605 inquimus
591 1519 630 1585 ed
646 1537 770 1584 sensum
792 1518 878 1602 pium
893 1520 923 1584 et
939 1519 1125 1585 catholicum
1141 1518 1298 1598 adherete;
1322 1523 1499 1602 auctoresque

260 1643 379 1710 vestrae
401 1636 617 1706 immaculatae
646 1633 804 1719 religionis
828 1633 957 1719 accipite
986 1655 1037 1701 eos
1067 1655 1142 1720 qnos
1167 1655 1258 1720 supra
1280 1636 1500 1710 nominavimus

260 1777 388 1844 quorum
410 1773 523 1823 nomen
545 1754 577 1818 et
597 1751 696 1836 pietas
711 1751 744 1816 in
767 1749 849 1816 coelo
865 1753 1040 1817 consecrata
1062 1753 1124 1816 est:
1147 1751 1201 1836 qni
1215 1771 1233 1816 a
1248 1753 1313 1818 Deo
1336 1753 1499 1818 missisunt

260 1874 300 1941 ad
323 1891 414 1939 sanes
436 1869 590 1936 doctrinas
614 1867 857 1933 constituendas:
880 1885 941 1933 non
964 1867 1020 1932 hos
1043 1867 1125 1933 leves
1148 1868 1180 1933 et
1202 1868 1358 1952 improbos
1380 1869 1432 1953 qui
1451 1885 1500 1932 uon

261 1991 392 2058 salutem
415 1987 550 2054 restam
574 1982 627 2048 sed
642 2001 730 2049 suam
744 1981 902 2048 licentiam
916 1981 1245 2067 intemperantiamque
1263 1984 1409 2068 cogitant
1431 1981 1501 2049 liam

260 2125 349 2192 quem
365 2103 454 2172 nobis
468 2099 602 2168 dolorem
618 2099 722 2164 afferre
746 2098 868 2165 creditis
884 2099 994 2165 talium
1009 2097 1152 2178 filiorum,
1168 2117 1244 2182 quos
1259 2119 1379 2184 semper
1393 2101 1500 2165 mutum

260 2221 433 2288 amavimus
444 2221 445 2224 ’
456 2217 627 2282 iacturam?
650 2213 888 2299 contemporali
910 2213 1021 2279 damno
1036 2232 1262 2280 commoremur
1285 2215 1366 2300 quod
1381 2216 1439 2281 etsi
1452 2233 1502 2280 nou

262 2335 411 2404 mediocre
434 2332 505 2400 Sodi
526 2330 709 2416 apostolicae
732 2329 843 2395 accidit
864 2329 897 2395 iu
920 2328 1021 2396 robis:
1051 2331 1156 2396 tamen
1177 2329 1269 2395 huius
1292 2330 1398 2397 damni
1419 2329 1505 2396 multu
1580 2347 1581 2358 ¹

261 2453 390 2540 possunt
404 2447 539 2517 remedia
553 2446 692 2524 inveniri,
716 2446 817 2512 restra
832 2445 920 2510 nobis
943 2444 1019 2510 tides
1034 2446 1136 2510 vestra
1159 2463 1229 2529 spes
1244 2447 1384 2512 aeternae
1407 2444 1504 2512 salutis

262 2569 345 2636 cordi
373 2568 429 2647 est,
460 2565 525 2631 sine
555 2581 614 2648 qna
644 2563 708 2627 vita
737 2563 860 2628 aeterna
888 2579 949 2626 non
979 2558 1153 2644 acquiritur.
1202 2559 1354 2628 Tenemus
1384 2559 1504 2646 pastoris

261 2704 373 2754 nomen
394 2685 426 2750 et
455 2678 666 2766 vigilantiam:
696 2675 845 2762 quomodo
868 2694 940 2761 ergo
962 2694 1126 2760 possumus
1148 2693 1209 2742 non
1224 2675 1325 2743 dolere
1348 2676 1505 2743 detmmen
1581 2765 1582 2768 Ἴ

262 2805 330 2869 tum
353 2799 457 2886 gregis
479 2796 578 2864 nostri
600 2813 637 2860 ac
659 2792 732 2859 talis
754 2791 916 2876 presertim
938 2791 1052 2876 gregis,
1082 2771 1173 2875 quem
1196 2793 1228 2856 et
1249 2791 1283 2856 in
1306 2810 1408 2858 amore
1430 2789 1506 2857 etin

261 2917 411 2986 charitate
442 2931 561 2998 semper
592 2909 767 2995 precipuum
799 2905 986 2973 habuimus?
1040 2905 1140 2990 Atque
1171 2906 1228 2972 hos
1260 2907 1367 2973 ambos
1400 2907 1506 2972 frustm

144 3101 147 3110 ,
260 3033 391 3102 istorum
406 3027 576 3114 impietatis
591 3029 622 3093 et
638 3023 760 3092 sceleris
774 3023 890 3108 primos
911 3022 1045 3106 proiecto
1061 3021 1193 3102 sentitis,
1216 3021 1296 3107 quod
1318 3023 1423 3088 tantem
1436 3023 1508 3087 inter

261 3169 315 3218 ros
339 3147 493 3231 sociosque
509 3144 627 3210 vestros
643 3141 789 3208 excitatae
807 3137 1013 3204 dissensiones
1037 3139 1117 3215 sunt
1140 3139 1175 3202 nt
1197 3137 1260 3204 nisi
1274 3136 1417 3203 dominns
1432 3137 1507 3202 Deus

263 3265 351 3334 nobis
374 3281 463 3348 opem
486 3257 593 3327 onere
614 3257 668 3343 qni
696 3256 753 3322 hoc
775 3253 973 3340 potissimum
996 3252 1168 3336 cogitamus
1191 3254 1222 3319 et
1244 3251 1384 3335 cupimus
1407 3250 1507 3317 resin

262 3380 323 3450 tide
344 3381 452 3448 mutua
474 3377 506 3444 et
528 3373 666 3442 amicitia
687 3372 849 3450 continere,
872 3389 921 3436 res
944 3369 983 3435 ad
1005 3367 1139 3434 maxima
1162 3368 1296 3452 pericula
1318 3383 1508 3452 progressura

262 3517 329 3565 esse
352 3495 504 3564 videatur:
527 3491 560 3558 in
582 3509 641 3575 quo
664 3507 717 3555 ros
739 3487 938 3554 admonemus
961 3486 992 3551 et
1006 3484 1147 3550 iubemus
1169 3482 1359 3550 considerare
1382 3481 1507 3568 primum

262 3614 320 3680 hoc
343 3631 418 3696 opus
440 3607 571 3684 dissolu
601 3603 745 3690 quicquid
766 3603 850 3670 enim
872 3601 911 3667 ab
933 3600 1053 3666 diabolo
1082 3601 1130 3665 est
1152 3601 1184 3665 et
1205 3597 1359 3665 ministris
1381 3598 1452 3674 aius
1478 3594 1508 3660 id

264 3727 444 3798 seditionem
460 3727 491 3792 et
506 3722 653 3790 zizaniam
677 3720 817 3797 seminat
840 3737 945 3804 pacem
961 3715 1248 3799 consensionemque
1262 3713 1423 3793 disturbat
1444 3709 1510 3777 odiu

262 3842 500 3926 inimicitiasque
522 3836 662 3905 conserit
708 3833 791 3901 Nam
814 3851 890 3918 quas
912 3832 1009 3898 aDoo
1033 3831 1105 3897 sunt
1126 3849 1233 3915 pacem
1248 3828 1366 3896 faciunt
1388 3830 1419 3897 et
1439 3843 1508 3892 con·

264 3959 470 4046 spirationem.
515 3953 627 4038 Fugite
649 3951 707 4018 tilii
730 3949 828 4035 fugite
857 3949 936 4015 tales
965 3948 1107 4012 heresum
1137 3945 1306 4029 impietatis
1329 3943 1508 4011 seditionum

264 4076 478 4145 seminatores:
501 4089 537 4141 ao
558 4068 647 4136 nobis
670 4067 723 4152 qni
745 4067 870 4152 paterno
892 4081 965 4149 erga
988 4080 1042 4128 vos
1064 4079 1167 4128 amore
1189 4080 1258 4127 sere
1281 4059 1408 4126 ferimur
1422 4057 1508 4124 fidem

263 4189 388 4269 nebeim
419 4206 526 4256 sumus
548 4187 606 4252 hac
620 4183 789 4269 pontificali
803 4200 875 4247 cura
896 4179 977 4247 inter
990 4179 1092 4245 Deum
1114 4179 1145 4244 et
1159 4195 1213 4244 ros
1236 4175 1338 4256 medii,
1361 4193 1415 4260 pro
1431 4171 1509 4242 solu

264 4325 386 4375 oramus
408 4323 462 4388 pro
494 4301 580 4368 vobis
609 4298 826 4366 intercedimus
846 4315 901 4381 pro
924 4294 1026 4360 restra
1056 4293 1154 4360 salute
1176 4295 1243 4358 tam
1272 4291 1395 4358 aeterna
1425 4307 1510 4376 quam

263 4419 424 4508 temporali
447 4418 614 4485 Dominum
642 4413 745 4499 ipsum
767 4413 868 4478 Deum
896 4408 1031 4496 quotidie
1060 4407 1263 4493 deprecamur.
1308 4405 1374 4474 nee
1395 4407 1511 4476 nostres
