3128 4908
542 283 786 360 ...ξιιμ

126 479 241 556 Tantus
263 482 347 556 enim
369 487 417 556 est
438 489 509 556 tuas
532 488 706 556 sanctitatis
728 485 942 558 beneficiorum
965 503 1037 574 erga
1058 504 1115 555 nos
1138 483 1287 566 cumulus,

49 605 214 671 beatissime
236 607 330 689 pater,
353 606 389 671 ut
404 605 500 672 vitam
515 607 653 671 nostram
669 604 755 691 (quia
776 604 816 671 iis
831 605 1011 688 respondere
1032 625 1093 672 non
1111 604 1286 692 possumus)

48 721 176 786 corbam
198 740 266 788 esse
287 722 438 806 putemus.

127 836 265 903 Primum
297 855 428 921 nemque
458 836 617 904 sanctitati
645 836 914 903 reverendissimae
943 837 1065 902 obnoxii
1095 836 1287 922 devinctique

48 951 230 1017 vehementer
251 951 414 1031 reddimur,
438 952 545 1017 stabili
567 952 715 1036 firmaque
737 953 910 1018 nostrorum
932 951 1162 1036 privilegiorum
1185 969 1286 1017 corro-

49 1067 191 1132 boratione
207 1069 239 1133 ot
252 1067 489 1134 confirmatione.
520 1064 758 1148 Quamombrem
780 1067 839 1133 tibi
855 1067 1048 1134 sanctissime
1070 1069 1156 1152 pater
1171 1067 1287 1151 gratias

48 1181 239 1249 immortaleis
262 1183 441 1267 suppliciter
462 1183 593 1268 agimus.

128 1299 182 1364 list
210 1299 366 1382 praeterea
397 1298 477 1364 unde
505 1301 577 1364 tuus
609 1299 819 1367 comitatensis
850 1299 949 1366 fidelis
981 1299 1109 1383 populus
1139 1316 1199 1365 uno
1228 1317 1287 1378 ore,

49 1413 180 1498 nudoque
202 1415 383 1499 refragante,
406 1416 550 1499 perpetuo
574 1417 604 1482 te
619 1416 710 1494 amet
733 1415 821 1495 colat
845 1416 1003 1482 veneretur
1017 1414 1180 1500 odoretque
1201 1434 1236 1480 ac
1254 1415 1288 1480 in

50 1527 140 1594 medio
167 1529 245 1595 illud
267 1529 403 1596 Maronis
431 1530 542 1596 merito
564 1529 684 1595 afferat:
724 1529 886 1614 „Namque
909 1529 967 1596 erit
988 1529 1042 1596 ills
1064 1529 1144 1595 mihi
1170 1548 1289 1614 sempor

50 1643 152 1710 Deus.⁸
190 1643 278 1727 Quod
294 1645 410 1712 scilicet
432 1645 620 1730 dignationis
642 1647 713 1712 tuae
728 1646 896 1730 synceritas
919 1645 1022 1712 minus
1045 1646 1093 1711 est
1115 1644 1288 1729 dedignata,

50 1761 228 1828 amerosius
257 1761 343 1828 cuins
365 1760 510 1828 naariam
533 1760 567 1826 in
588 1761 678 1829 terris
707 1779 830 1845 operam
857 1761 967 1834 merito
994 1762 1083 1846 gerit,
1105 1761 1288 1846 pauperibus

50 1875 323 1960 miserabilibusquo
339 1875 531 1956 Christianis,
553 1876 677 1961 perfidis
691 1876 714 1943 J
714 1876 799 1943 odeis
814 1877 951 1944 obnoxiis
967 1895 1095 1962 quorum
1110 1895 1224 1962 magna
1242 1877 1289 1942 set

51 1991 212 2070 multitudo,
235 2011 297 2058 non
319 1993 367 2058 est
381 1991 507 2076 inquam
530 1991 703 2076 dedignata,
726 1992 982 2078 auctoritateque
1003 1993 1086 2060 valet
1107 1993 1239 2078 benigne
1257 1993 1289 2058 et

51 2107 92 2188 pis
106 2108 262 2174 mucedsre
285 2108 421 2191 spatium
435 2126 584 2173 annorum
599 2107 740 2192 quinque,
763 2107 843 2193 quod
858 2108 990 2176 lustrum
1005 2110 1115 2175 vocant
1132 2109 1170 2174 ad
1186 2108 1289 2174 debita

51 2223 104 2288 odii
124 2224 225 2309 qualia
254 2222 459 2306 persolvenda.
505 2221 628 2303 Quare
655 2223 812 2290 intellecta
840 2225 945 2289 tantm
975 2223 1034 2290 sur
1062 2223 1161 2308 primo
1190 2223 1288 2309 plebis

51 2341 111 2404 tuae
131 2339 244 2406 inbilus
266 2341 354 2404 anta
382 2339 502 2404 laetitia
524 2357 559 2404 ao
581 2337 728 2423 modium
751 2339 852 2406 subito
881 2339 1030 2417 obortum,
1053 2341 1089 2404 ut
1110 2339 1211 2405 maius
1234 2359 1286 2404 ex-

51 2455 166 2538 cogitari
187 2454 316 2520 minima
339 2455 444 2538 possit.
485 2453 601 2520 Verum
623 2473 694 2518 cum
716 2453 770 2518 isti
793 2452 1022 2520 damnatissimi
1043 2454 1075 2519 et
1097 2453 1287 2537 spurcissimi

52 2587 156 2635 vermes
177 2569 320 2636 iactitant
341 2587 376 2634 ac
398 2569 515 2654 passim
537 2569 707 2654 glorientur
736 2569 859 2653 magnis
882 2569 1051 2636 faubmbus
1080 2587 1209 2652 quorum
1232 2587 1286 2652 ope

51 2683 209 2752 innituntur
230 2684 320 2752 facile
342 2703 431 2768 posse
453 2703 529 2769 quae
553 2685 625 2750 sunt
638 2685 727 2769 gesta
748 2683 885 2768 infringi,
907 2703 1035 2769 cumque
1057 2684 1192 2750 nondum
1214 2703 1285 2766 pro-

53 2799 154 2866 visione
169 2799 218 2888 (ut
233 2801 278 2866 sio
291 2798 463 2885 loquamur)
480 2799 595 2879 habita,
610 2798 760 2866 debitores
776 2800 937 2866 christiani
951 2799 1085 2866 nominis
1100 2799 1185 2883 peius
1201 2817 1286 2864 acer·

53 2913 165 3000 biusqne
193 2917 227 2982 in
256 2915 321 2982 dies
344 2915 382 2981 ab
412 2915 483 2982 istis
511 2915 639 3000 perditis
668 2915 795 2981 canibus
824 2915 966 2981 atrociter
994 2915 1097 2981 omnia
1127 2933 1181 2981 suo
1202 2933 1287 2980 mors
1322 2949 1324 2954 ·

52 3032 212 3099 vomnbbus
234 3033 386 3112 verentur,

128 3149 242 3216 Iterum
263 3147 341 3232 ipsis
362 3145 546 3214 miserandis
560 3146 747 3214 Judaeorum
768 3146 965 3227 debitoribus,
987 3165 1115 3230 quorum
1137 3148 1287 3231 utsupra

53 3257 176 3342 diximus
190 3282 254 3330 non
268 3281 380 3348 parvus
402 3264 450 3329 est
463 3281 617 3343 numerus,
640 3263 744 3328 tantm
759 3264 807 3328 eet
828 3263 958 3329 iniectus
980 3264 1077 3328 terror
1098 3263 1134 3327 ut
1154 3263 1286 3328 mortem

54 3376 203 3445 auditioni
216 3377 340 3444 vivendi
363 3378 423 3464 (sic
436 3378 520 3444 Deus
535 3396 591 3444 nos
606 3376 702 3464 amet)
719 3377 808 3444 faede
830 3395 935 3444 omnes
950 3380 1126 3462 proponant.
1150 3375 1285 3457 Quorum

55 3507 113 3572 pars
133 3495 186 3561 sub
209 3496 310 3562 arceto
339 3492 521 3572 detinentur,
550 3493 606 3560 alii
625 3493 659 3560 in
687 3512 837 3560 carcerem
858 3493 952 3578 impie
981 3493 1152 3572 trabuntur,
1174 3493 1286 3577 tanqne

55 3604 213 3676 immaniter
241 3611 413 3676 uocantur
434 3611 470 3676 ut
490 3610 596 3690 Tarra,
618 3610 732 3676 nedum
753 3609 948 3689 christianus,
971 3608 1153 3675 conditionis
1175 3608 1287 3674 talium

55 3719 231 3792 hauddubie
253 3725 455 3792 misereretur.

130 3839 257 3908 Oramus
279 3841 383 3926 itaque
406 3843 659 3926 obsecramusque
681 3841 907 3926 pientissimam
930 3842 1001 3906 tuae
1024 3840 1198 3906 sanctitatis
1221 3840 1285 3906 cle-

57 3957 185 4024 mendam
206 3978 245 4025 ne
267 3957 301 4024 in
323 3959 381 4024 bac
396 3977 427 4023 re
449 3958 537 4024 nobis
559 3975 703 4042 unquam,
726 3977 743 4023 o
765 3957 943 4023 beatissimo
964 3958 1059 4041 pater,
1082 3956 1187 4022 deesse
1202 3955 1287 4036 velis,

57 4071 168 4155 atquae
188 4075 351 4141 sanctitate
374 4072 487 4140 decreti
508 4073 596 4140 nobis
620 4075 692 4140 sunt
713 4092 854 4140 concessa
876 4072 1093 4139 inviolabiliter
1121 4075 1285 4152 servantur,

59 4202 102 4250 uec
121 4189 183 4272 plus
205 4190 303 4275 possit
330 4189 514 4274 perfidorum
543 4189 689 4256 umnec
718 4189 873 4257 subversio
897 4192 927 4255 et
950 4187 1161 4271 tergiversatio
1192 4205 1285 4271 quam

59 4297 188 4371 iustorum
208 4306 346 4386 humilis,
369 4305 495 4391 supplex
517 4324 553 4372 ac
574 4305 684 4373 devota
704 4305 871 4389 requisitio.

130 4420 281 4491 Postremo
304 4442 342 4492 no
364 4422 428 4502 illa,
443 4421 553 4508 quibus
568 4421 663 4490 otiam
678 4421 812 4507 graviter
826 4419 1002 4504 affligimur,
1026 4418 1147 4486 silentio
1163 4419 1286 4486 omuino

1069 4527 1126 4594 to*
