3152 4902
784 284 831 298 -
876 251 941 316 172
973 285 1030 304 .-

856 444 969 513 l'oris.

621 557 700 644 Regi
722 443 866 628 Polonia(e
888 564 920 628 et
941 443 1021 646 {legi
1042 561 1197 646 ngariao

722 675 872 744 Olomntii
893 678 1097 746 conventuris.

873 941 945 1005 128.

697 1102 877 1164 cardinali
899 1105 1121 1165 Treverensl.

369 1255 467 1322 Veni·
485 1256 579 1323 frater
594 1257 725 1324 cauom
740 1259 795 1325 etc.
834 1256 990 1340 Quantum
1009 1259 1168 1344 profecerit
1182 1258 1214 1324 in
1237 1259 1334 1326 tantis
1349 1257 1505 1326 Germaniae

280 1371 414 1437 motibus
437 1373 507 1439 tuae
529 1372 731 1440 fraternitatis
754 1375 852 1442 virtus
882 1378 913 1442 et
934 1373 1095 1460 prodentia
1117 1375 1156 1441 ad
1177 1375 1342 1460 impiorum
1370 1375 1505 1441 bominum

280 1487 430 1554 tumultus
454 1487 611 1567 sedandos,
635 1493 688 1556 eut
710 1491 805 1557 etiam
829 1492 924 1558 armis
947 1491 1153 1570 uindicandos,
1183 1492 1231 1558 est
1252 1491 1341 1557 nobis
1364 1491 1446 1575 plane
1464 1509 1504 1554 co-

279 1603 410 1688 gnitum,
433 1605 571 1690 nihilque
586 1624 697 1672 novum
714 1606 751 1672 de
766 1607 887 1686 virtute,
902 1610 934 1674 et
948 1607 1094 1692 religione
1109 1609 1162 1673 tur
1178 1607 1393 1674 intelleximus,
1414 1605 1505 1672 Sumus

278 1721 362 1786 enim
390 1720 495 1788 medin
523 1721 558 1788 in
579 1740 615 1787 ea
644 1722 793 1806 opinione,
821 1726 858 1789 nt
880 1724 912 1789 in
935 1726 966 1789 te
988 1723 1156 1790 iudicemus
1180 1723 1282 1808 vigere
1304 1723 1465 1808 exemplum
1484 1725 1506 1784 et

277 1837 402 1919 pietatis
425 1855 498 1922 erga
512 1837 621 1917 Deum,
644 1839 675 1903 et
697 1838 886 1924 integritatis
901 1839 1037 1906 eximiae.
1084 1838 1164 1904 Illud
1181 1839 1313 1906 maxime
1335 1837 1451 1923 quidem
1463 1855 1506 1902 nos

277 1950 441 2019 delectavit
462 1953 495 2020 in
516 1955 605 2020 tauta
627 1954 802 2021 confusione
825 1974 926 2022 rerum
948 1956 1095 2032 omnium,
1125 1957 1157 2022 et
1178 1955 1405 2039 perturbatione
1425 1955 1506 2020 status

277 2069 476 2136 ecclesiastici
497 2070 542 2135 ita
566 2068 712 2136 enituisse
736 2071 881 2138 virtutem
904 2073 1000 2150 tuam,
1030 2073 1066 2136 ut
1087 2071 1303 2156 intelligerent
1326 2075 1358 2138 et
1381 2071 1506 2138 sentimnt

277 2185 417 2269 improbi,
448 2187 561 2252 summi
584 2186 640 2252 Dei
665 2186 834 2253 sacerdotes
864 2187 959 2254 etiam
982 2188 1021 2254 al
1043 2207 1091 2254 res
1113 2206 1243 2271 magnas
1266 2187 1443 2272 temporales
1462 2203 1505 2269 ge

278 2300 386 2368 rendae
409 2301 539 2367 inveniri
562 2302 693 2368 idoneos.
740 2299 922 2386 Quanquam
951 2303 1101 2369 nollemus
1124 2322 1200 2387 opus
1222 2303 1317 2370 fuisse
1340 2304 1440 2380 armis,
1466 2299 1507 2366 sed

277 2418 304 2484 si
327 2435 413 2483 arma
428 2417 596 2484 necessarie
613 2420 692 2498 sunt,
716 2437 776 2485 uon
792 2421 863 2485 suut
886 2419 941 2484 illa
956 2419 1149 2503 repudianda„
1172 2419 1332 2504 presertim
1357 2420 1385 2486 si
1399 2421 1434 2486 ad
1447 2437 1506 2484 con·

276 2533 478 2601 servationem
502 2552 589 2600 verae
611 2536 642 2600 et
665 2553 756 2601 sanae
779 2534 895 2601 Christi
915 2534 998 2613 fidei,
1021 2537 1052 2602 ot
1075 2535 1114 2601 ad
1136 2535 1319 2621 reipublicae
1341 2535 1507 2602 christianae

277 2650 443 2716 utilitatem
466 2651 589 2735 sumpta
611 2649 739 2718 fuerunt.
786 2648 873 2731 Quod
894 2651 928 2716 iu
950 2653 980 2718 te
1003 2652 1147 2731 evenisse,
1171 2653 1314 2736 tuamque
1337 2653 1433 2720 animi
1451 2669 1506 2716 mu·

276 2765 470 2852 gnitndiuem
492 2786 563 2832 cum
586 2767 709 2832 meoet
732 2785 801 2832 cum
831 2767 977 2852 religione
1007 2767 1101 2833 fuisse
1128 2768 1329 2848 coniunctam,
1358 2767 1507 2853 plurimun

275 2882 458 2968 gaudemus,
490 2883 618 2966 tuaeque
642 2881 828 2950 fraternitati
856 2883 1003 2949 detenta
1033 2883 1182 2968 acquisita
1211 2884 1300 2950 leude
1324 2885 1507 2969 gratulamur.

276 2998 341 3066 Nos
369 2998 507 3083 quidem,
536 2998 589 3082 qui
611 2998 670 3064 tibi
693 3017 812 3082 semper
834 3018 869 3064 ex
898 2999 1001 3064 auimo
1031 2999 1131 3066 affecti
1152 2999 1283 3078 fuimus,
1312 3001 1507 3085 insignemque

274 3133 347 3200 erga
369 3116 400 3181 le
415 3115 569 3200 gessimus
584 3113 829 3190 benivolentiam,
852 3115 930 3180 hano
953 3115 1040 3181 tuem
1054 3115 1176 3182 laudem
1192 3115 1331 3182 ducimus
1347 3117 1433 3182 nobis
1447 3131 1507 3198 pem

274 3249 466 3298 communem
481 3250 547 3297 esse
569 3232 678 3310 tecum,
701 3249 778 3314 quae
800 3231 860 3297 etsi
882 3231 1004 3316 magnis
1026 3231 1188 3308 laboribus,
1211 3234 1243 3298 et
1266 3230 1508 3299 sollicitudinibus

273 3347 333 3414 fuit
355 3347 459 3426 mixta,
482 3347 539 3414 hoc
562 3349 665 3412 tamen
688 3346 748 3412 fuit
770 3347 928 3431 insignior,
950 3347 1031 3430 quod
1052 3346 1218 3413 illustriore
1233 3347 1413 3414 documento
1434 3349 1506 3431 pole·

274 3465 354 3530 l'acta
377 3467 439 3536 est:
462 3466 510 3530 est
533 3463 615 3528 onim
630 3462 727 3528 virtus
750 3463 783 3528 iu
799 3462 1032 3529 difficultatibus
1048 3462 1214 3546 perfectior.
1255 3463 1406 3530 Volumus
1420 3464 1507 3545 itaque

273 3580 447 3646 existimare
469 3579 692 3645 fraternitatem
709 3579 795 3643 tuem
817 3597 873 3644 nos
895 3580 927 3644 et
941 3578 1050 3645 multis
1071 3578 1243 3663 praeteritis
1259 3578 1369 3645 officiis
1385 3579 1441 3646 libi
1453 3597 1508 3643 esso

273 3697 437 3774 devinctos,
460 3699 492 3763 et
506 3697 563 3762 boc
579 3693 691 3760 receuti
713 3695 823 3760 eventu
845 3693 890 3759 ita
904 3694 1048 3761 incitatos
1070 3694 1109 3760 ad
1131 3713 1266 3761 amorem
1289 3696 1320 3762 et
1342 3695 1507 3762 chantelou

272 3812 327 3890 tui,
351 3816 386 3879 ut
401 3811 480 3878 nihil
496 3811 546 3890 sit
569 3809 648 3895 quod
665 3812 718 3876 tua
733 3829 824 3876 musa
839 3810 971 3876 Domino
994 3809 1155 3876 adiuvante
1178 3830 1239 3877 non
1260 3811 1391 3877 libenter
1412 3805 1507 3876 facturi

272 3929 377 3996 simus.
424 3927 489 3994 Neo
511 3946 580 3993 vero
596 3945 671 4009 opus
694 3945 759 3992 esse
781 3927 924 4009 putemus
948 3925 1117 4004 tehortari‚
1139 3929 1174 3992 ut
1197 3927 1229 3992 in
1251 3927 1391 4010 pristina,
1413 3927 1506 3992 etiam

273 4047 413 4129 suscepta
443 4044 555 4110 nrtnte
585 4059 777 4127 permaneas
807 4040 946 4106 hortatur
968 4042 1050 4106 eninr
1074 4041 1216 4120 belides,
1246 4045 1277 4108 et
1300 4042 1434 4127 dignitas
1456 4045 1507 4105 tua.

272 4163 362 4245 etque
385 4161 412 4226 ie
435 4161 518 4227 Deus
549 4179 636 4226 verus
659 4159 690 4224 et
712 4177 799 4235 uuus,
829 4156 915 4222 ouius
938 4175 1043 4222 omnes
1066 4157 1190 4236 nomini,
1220 4160 1252 4224 et
1274 4159 1381 4224 honori
1410 4153 1507 4224 tuendo

271 4277 479 4352 elaboramus;
510 4294 599 4360 quem
623 4273 681 4340 tibi
704 4292 764 4340 non
786 4271 962 4338 dubitemus
986 4274 1106 4338 tuorum
1128 4273 1268 4339 laborum
1290 4273 1407 4342 fractus
1428 4273 1506 4338 uber·

272 4391 364 4458 rimos
388 4392 562 4457 relaturum.
610 4389 683 4469 Nos,
707 4389 734 4454 si
749 4388 808 4454 tibi
822 4387 1048 4455 incommodum
1063 4408 1124 4455 uon
1145 4391 1201 4470 ost,
1224 4386 1262 4455 de
1279 4391 1370 4458 rebus
1385 4389 1445 4457 illis
1460 4405 1508 4471 pet
