3128 4908
748 272 993 341 ..204-

243 467 346 536 serbis
367 466 485 534 hortari
508 467 562 534 ant
583 484 706 534 monere
727 485 850 534 necesso
871 485 947 549 esse
976 485 1047 536 cnm
1068 467 1137 554 ipsa
1157 467 1310 553 optimum
1336 467 1483 536 consilinn
1555 479 1556 492 ³

242 603 296 669 per
319 602 352 650 se
380 586 507 669 captura
529 581 578 649 sit
622 583 706 650 Illud
735 584 904 651 extromum
934 582 1112 664 adjicimus,
1142 583 1171 652 si
1199 585 1356 650 cacumine
1384 583 1484 650 inerint

242 700 389 766 honestae
411 698 600 767 conditiones
613 699 707 784 pacis,
729 717 785 767 nos
808 718 864 766 noc
885 699 1032 785 dignitati
1045 701 1168 768 nostrae
1189 718 1245 767 neo
1266 699 1421 768 communi
1440 719 1483 764 sa-

242 814 302 881 lnti
331 813 469 880 omnium
500 815 640 881 nostram
662 816 694 882 ot
716 817 852 882 vestrum
881 815 1077 900 libertatique
1099 815 1208 882 Italiae
1237 835 1305 882 esse
1333 815 1484 882 defndnos

247 929 365 998 Datum
388 929 503 998 Romae
526 929 574 998 die
597 929 691 996 xviiii.
712 929 891 998 Decembris
913 931 1033 999 mdxxv.
1077 931 1279 998 Pontiicotss
1301 931 1399 998 nostn‘
1418 949 1486 998 anno
1556 1023 1557 1046 Χ

243 1045 344 1112 tertio.

837 1309 910 1377 ld'l.

654 1473 835 1536 mrdlnall
858 1475 1086 1537 Eboracensl.

334 1629 452 1696 Dilecto
475 1629 522 1696 lili
544 1630 654 1696 noster.
700 1627 777 1696 Cum
800 1631 963 1714 perpetuus
985 1630 1089 1697 noster
1110 1628 1208 1696 animi
1228 1630 1316 1697 labor
1336 1633 1370 1696 et
1390 1629 1484 1698 eaden
1557 1601 1558 1616 ³

246 1765 365 1830 semper
379 1765 451 1812 cura
466 1745 636 1812 suadendae
651 1745 818 1812 monendae
832 1747 864 1812 et
878 1745 1084 1812 conciliandae
1099 1745 1183 1830 pacis
1198 1745 1382 1813 universalis
1396 1745 1484 1822 Merit,

246 1864 404 1944 propteroa
426 1861 506 1946 qnod
528 1864 559 1929 et
581 1862 638 1928 hoo
659 1861 793 1929 officium
816 1862 901 1946 pium
931 1864 1022 1946 atque
1045 1863 1185 1928 sanctum
1208 1860 1410 1947 omnipotenti
1430 1861 1484 1926 llao

246 1977 370 2062 eiusque
393 1979 515 2044 sanctes
543 1977 616 2042 fidoi
643 1996 697 2062 pro
720 1978 843 2044 honoris
872 1977 971 2044 nostri
992 1977 1089 2062 gradu
1118 1977 1291 2054 debeamus,
1314 1979 1347 2044 et
1368 1975 1485 2043 infinitis

247 2093 339 2159 malis
354 2093 462 2158 vexata
483 2092 657 2177 afflictaque
672 2093 883 2160 christianitas
905 2113 1011 2179 paoem
1029 2093 1154 2160 tandem
1176 2094 1340 2179 aliqnando
1361 2096 1393 2160 ot
1409 2093 1484 2179 qnie-
1558 2157 1559 2194 ἒ

247 2209 309 2275 tem
340 2207 541 2288 desiderabat
570 2228 640 2275 cum
662 2209 724 2294 ipsi
752 2229 821 2275 cum
853 2226 948 2275 sar.mo
971 2208 1098 2276 Caesare
1127 2209 1371 2277 coniunctionem
1400 2210 1485 2276 neore

247 2325 348 2392 conati
377 2324 501 2404 ficimus,
524 2323 557 2391 in
579 2343 647 2409 qna,
669 2325 706 2390 ut
729 2323 788 2390 tibi
810 2326 917 2391 notnm
940 2323 1007 2402 init,
1030 2325 1121 2392 istius
1144 2325 1239 2392 etiam
1261 2325 1370 2411 inclyti
1392 2327 1422 2391 el
1442 2323 1483 2390 in·

249 2439 414 2507 victissimi
428 2439 510 2526 rogis
525 2440 689 2508 auotoritas
712 2443 744 2508 et
764 2459 875 2507 nomen
890 2439 1213 2526 comprehendendum
1230 2443 1298 2508 lnm
1320 2459 1391 2507 vcro
1405 2441 1484 2506 nius

247 2556 311 2622 illis
341 2555 459 2623 tardius
481 2557 513 2623 ot
540 2555 698 2623 difficilius
728 2555 973 2636 succedentibus,
996 2559 1130 2623 vestam
1159 2575 1229 2623 cnm
1258 2575 1352 2641 regno
1374 2557 1405 2624 ot
1425 2573 1486 2640 roge

248 2673 433 2740 Francorum
455 2691 561 2756 pacem
583 2671 832 2756 oolloordiamqne
854 2672 1058 2757 probavimus,
1080 2672 1263 2758 accipientes
1287 2691 1405 2757 semper
1425 2691 1486 2738 orn·
1559 2763 1560 2766 Ἴ

247 2806 318 2855 nem
340 2787 495 2854 amicitiae
517 2788 760 2856 coniunctionem
782 2807 836 2874 pro
859 2789 988 2856 adulari
1001 2787 1104 2855 omino
1125 2788 1314 2856 desideratae
1336 2788 1424 2873 pacis
1453 2786 1485 2852 ln
1559 2769 1560 2792 ¹

247 2903 339 2970 Italia
360 2923 431 2972 vero
453 2923 524 2971 cnm
539 2903 640 2971 subito
663 2905 696 2970 et
709 2903 865 2989 inopinato
888 2904 1023 2984 consilio,
1039 2901 1178 2971 Caesaris
1199 2905 1337 2974 ministri
1354 2905 1486 2970 (locatim

248 3018 414 3088 Mediolani
428 3019 468 3086 ad
489 3038 644 3087 mesaneos
659 3038 779 3098 manns,
801 3021 911 3088 reiecto
926 3022 958 3088 et
972 3022 1096 3088 obsesso
1110 3019 1186 3088 duce
1199 3020 1275 3105 ipso,
1298 3020 1485 3096 reduxisoent,

247 3134 407 3202 videbatur
429 3135 551 3228 penitus
573 3136 695 3202 exclusa
724 3135 802 3204 ratio
824 3137 856 3202 ct
877 3134 1023 3221 cogitatio
1044 3135 1138 3221 pacis,
1168 3153 1281 3220 nosque
1302 3135 1366 3220 ipsi
1386 3154 1484 3222 qnan-

246 3270 339 3337 qnam
362 3268 452 3336 aegre
466 3253 497 3318 ot
511 3251 610 3330 inriti,
633 3251 814 3319 necessitate
835 3255 941 3320 tamen
961 3251 1029 3337 ipsa
1046 3251 1133 3318 cuins
1147 3251 1196 3318 sis
1218 3251 1367 3318 acorrima
1388 3252 1440 3328 ost,
1452 3247 1486 3314 ad

247 3385 402 3435 armornm
424 3368 456 3434 ot
477 3366 552 3434 belli
574 3366 702 3434 consilia
725 3366 932 3452 rapiebamnr;
954 3385 1024 3435 anm
1038 3367 1106 3452 ipso
1127 3367 1161 3434 in
1183 3367 1313 3434 articulo
1335 3363 1486 3452 capiendo·

246 3502 315 3550 rnm
338 3482 534 3550 consiliorum
554 3482 639 3550 vonit
661 3481 701 3549 ad
719 3501 777 3550 nos
799 3482 915 3550 misem
936 3501 955 3548 a
977 3480 1105 3550 &asana
1126 3481 1179 3550 dil.
1201 3482 1244 3550 fil.
1268 3481 1487 3550 commendator

250 3597 382 3666 Horrore
402 3599 494 3665 homo
522 3599 635 3683 probus
656 3597 821 3666 admodum
843 3601 875 3665 et
902 3597 1034 3683 prudens
1056 3619 1125 3666 anm
1147 3597 1303 3666 mandatis
1325 3599 1357 3666 ct
1376 3594 1488 3670 litteris,

247 3714 358 3801 quibus
388 3714 476 3782 nobis
506 3733 685 3799 persuasum
709 3732 775 3782 sero
797 3715 845 3780 ost
867 3713 961 3780 oliam
983 3731 1050 3781 esse
1079 3715 1214 3782 mentem
1237 3713 1376 3782 Caesaris
1404 3729 1485 3798 qnam

245 3849 302 3898 nos
317 3829 465 3915 suspicati
479 3847 610 3908 eramus,
632 3828 849 3914 ministrosque
870 3829 956 3896 illins
977 3829 1011 3894 in
1026 3829 1119 3896 Italia
1141 3830 1237 3896 luisse
1251 3829 1305 3914 qui
1320 3827 1487 3914 qnaarormt

245 3947 370 4025 belluna,
392 3946 494 4030 iprum
509 3963 579 4012 sero
595 3943 755 4012 Caesarem
778 3947 918 4030 appetere
940 3964 1062 4029 pacem;
1084 3963 1121 4012 ac
1143 3944 1180 4012 dc
1202 3945 1315 4012 ducatu
1330 3940 1487 4012 Mediolani

244 4061 278 4128 in
300 4080 387 4146 spem
408 4079 556 4147 magnam
578 4061 718 4128 vonimus
740 4078 811 4126 euna
833 4059 904 4127 dnci
926 4079 980 4128 sno
1003 4059 1181 4128 restitutum
1203 4059 1251 4128 iri.
1297 4058 1366 4140 Quo
1385 4055 1487 4127 nnnoio

245 4178 379 4254 recreati,
402 4195 488 4262 spem
510 4176 675 4260 pristinam
697 4176 729 4243 et
744 4175 880 4242 studium
894 4176 1071 4244 tmotnndao
1093 4178 1124 4242 at
1147 4175 1318 4244 suadendae
1339 4175 1421 4261 pacis
1440 4191 1486 4238 re·

246 4289 449 4375 sumpsimns;
479 4293 626 4376 captoque
647 4290 776 4358 duorum
798 4291 951 4358 mansium
980 4292 1079 4376 spatio
1101 4292 1183 4360 intra
1205 4291 1285 4379 qnod
1308 4289 1417 4360 Caesar
1435 4287 1487 4356 de-

247 4404 436 4472 liberationis
458 4423 531 4471 snae
552 4405 717 4491 participas
738 4423 794 4474 nos
816 4405 937 4488 haemi,
965 4409 998 4474 et
1019 4405 1057 4474 ds
1079 4407 1192 4476 ducatu
1214 4406 1383 4478 Mediolani
1401 4403 1488 4476 reati·
