3132 4910
603 338 848 415 -371-

94 536 272 610 continetur
300 539 465 624 defuturos,
494 541 547 610 sed
575 543 658 610 iusta
679 545 711 610 et
739 545 846 611 saneta
867 561 953 612 arma
975 539 1111 612 moturos
1133 559 1194 613 non
1222 541 1289 614 tam
1311 537 1351 613 ed

94 660 297 728 offensionem
318 662 405 727 tuam
428 659 501 746 (tibi
522 660 605 726 enim
627 660 730 727 omnia
753 679 873 745 semper
894 660 1022 726 honesta
1043 662 1074 728 et
1096 680 1238 746 prospera
1260 663 1350 747 opta·

94 776 184 862 mus)
200 795 293 861 quam
315 777 354 842 ad
369 775 576 843 defensionem
598 777 779 856 nostrorum,
802 778 834 842 et
848 777 965 860 patriae
980 777 1099 857 salutis,
1121 778 1352 862 communisque

95 891 272 976 dignitatis.
303 889 390 973 Quod
412 893 447 957 ut
469 912 506 957 ne
522 892 610 958 nobis
633 893 763 958 nimium
778 912 850 976 egre
872 894 903 957 et
918 893 1013 959 invite
1035 893 1109 959 haec
1131 894 1198 978 ipsa
1213 896 1350 960 tractau-

94 1009 184 1074 tibus
206 1009 304 1074 iacere
327 1026 448 1074 necesse
471 1007 520 1086 sit,
543 1008 736 1076 obsecramus
759 1009 789 1074 te
812 1007 858 1072 ffli
880 1008 1060 1075 charissime
1082 1009 1266 1094 perviscera
1287 1009 1350 1076 mi·

96 1123 282 1190 sericordiae
304 1123 362 1188 Dei
385 1123 483 1189 nostri
505 1175 637 1190 .....
660 1126 692 1188 et
715 1143 767 1208 per
789 1143 858 1190 eam
881 1142 976 1208 spem,
998 1143 1075 1209 quae
1103 1125 1140 1192 de
1163 1127 1216 1192 tua
1238 1125 1352 1192 virtute

95 1242 258 1324 tamquam
282 1239 448 1304 christiano
464 1237 581 1304 nomini
604 1237 732 1305 salutari
747 1238 884 1305 omnium
902 1240 1020 1306 mentes
1036 1241 1205 1324 occuparat,
1227 1242 1262 1307 ut
1277 1257 1349 1324 pro·
1489 1277 1493 1286 ·

100 1355 205 1420 videre
220 1354 297 1419 velis
313 1373 371 1438 quo
386 1353 597 1420 immoderatis
613 1353 832 1439 cupiditatibus
847 1355 978 1438 repulsis
992 1357 1024 1421 et
1045 1355 1162 1441 aliquid
1176 1356 1278 1440 potine
1293 1375 1352 1440 pu·

97 1470 180 1535 blico
195 1469 434 1536 christianitatis
449 1469 527 1535 bono
543 1468 747 1550 condonando,
763 1488 856 1553 quam
871 1470 973 1536 omnia
989 1471 1119 1536 nimium
1130 1471 1169 1538 ad
1185 1489 1218 1538 se
1232 1472 1353 1538 trahere

96 1585 237 1653 conando
259 1584 334 1650 haec
348 1585 457 1651 Italiae
480 1587 511 1652 et
533 1584 769 1652 christianitatis
791 1585 983 1652 incommoda
1005 1588 1036 1652 et
1051 1587 1185 1671 pericula
1207 1588 1260 1652 tua
1282 1605 1350 1652 mo·

97 1700 257 1767 dotatione
279 1700 436 1778 sedentur;
459 1703 507 1766 est
528 1701 611 1766 enim
634 1701 692 1767 tibi
714 1700 846 1785 proiecto
868 1701 961 1767 buius
983 1719 1072 1768 curae
1094 1720 1171 1770 onus
1193 1721 1354 1770 commune

97 1817 261 1884 nobiscum
284 1817 316 1883 et
337 1817 427 1884 ambo
451 1816 524 1884 adeo
554 1817 587 1882 in
609 1818 689 1883 banc
711 1816 948 1884 sollicitudinem
977 1835 1032 1902 pro
1061 1817 1236 1886 commissis
1265 1817 1353 1884 nobis

99 1933 270 1999 bonoribus
300 1951 407 1998 sumus
429 1932 538 1998 vocati.
583 1932 622 1998 In
643 1951 702 2016 quo
724 1950 780 1998 uos
810 1931 909 2000 officio
938 1933 970 2000 et
992 1932 1094 2000 debito
1123 1934 1227 2001 nostro
1256 1951 1354 2018 usqne

99 2048 265 2128 defuimus,
288 2065 343 2114 nec
365 2048 514 2132 quantum
529 2046 666 2114 iustitiae
687 2047 891 2132 patrocinium
914 2048 1001 2114 nobis
1016 2048 1198 2132 permiserit
1220 2047 1355 2114 defuturi

99 2183 218 2230 snmus.
249 2163 296 2228 'ru
310 2182 381 2230 vero
404 2163 531 2247 siquae
553 2163 590 2230 de
604 2165 658 2228 tua
680 2163 713 2228 in
735 2181 840 2246 paoem
863 2163 1036 2248 generalem
1058 2163 1215 2230 voluntate
1237 2162 1354 2247 passim

99 2280 277 2346 serebantur
300 2297 385 2344 veras
408 2278 586 2362 prudentiae
609 2279 641 2345 et
663 2278 787 2362 pietatis
809 2279 927 2346 radices
956 2279 1124 2356 mustene
1148 2279 1243 2344 habes
1264 2297 1353 2346 occa·

98 2396 220 2462 sionem
250 2393 424 2460 declarandi
453 2413 529 2478 quae
559 2393 720 2474 sentiebas,
750 2393 854 2460 omnia
877 2413 945 2460 vero
968 2395 1000 2460 et
1021 2413 1058 2460 ex
1088 2394 1191 2462 animo
1221 2393 1354 2460 sensisse

97 2513 193 2596 atque
217 2509 358 2594 operibus
380 2511 472 2575 verba
490 2508 713 2594 comprobanda
736 2509 924 2593 cupieram
939 2509 1050 2594 optimi
1071 2509 1218 2593 principis
1232 2509 1356 2576 laudem

95 2626 158 2692 tibi
181 2624 366 2710 acquirendi,
381 2625 434 2709 qui
456 2625 484 2690 si
498 2625 561 2690 mm
576 2625 665 2690 nobis
679 2624 745 2690 iuro
760 2642 893 2690 amorem
910 2625 998 2691 tuum
1014 2624 1205 2709 cupientibus
1226 2624 1260 2690 in
1274 2624 1354 2690 libe-

97 2741 197 2808 rauda
214 2739 306 2806 ltalia
328 2759 421 2825 quam
435 2740 579 2807 federatis
603 2741 715 2806 nostris
731 2740 765 2806 in
788 2739 852 2805 suis
874 2739 965 2806 iustis
984 2741 1016 2806 et
1029 2740 1129 2825 plenis
1151 2741 1355 2807 humanitatis

98 2855 326 2940 aequitatisque
348 2851 548 2939 petitionibus
564 2855 739 2922 satisfacere
754 2854 942 2932 instituerim
966 2855 1025 2922 erit
1046 2855 1079 2921 id
1095 2855 1268 2924 serenitatis
1284 2857 1355 2924 tuae

98 2971 203 3036 famae
226 2989 262 3036 ac
285 2970 452 3054 sapientiae
474 2971 585 3036 melius
607 2971 705 3036 multo
727 2968 957 3036 accomodatum
979 2973 1010 3037 et
1032 2971 1101 3056 paci
1123 2970 1289 3038 universali
1304 2991 1354 3037 se-

99 3086 286 3170 curitatique
308 3087 374 3152 hm
397 3105 498 3152 rerum
516 3088 647 3167 tuarum,
670 3105 762 3170 quam
785 3084 880 3151 totius
895 3085 1131 3154 christianitatis
1154 3085 1255 3171 magis
1279 3105 1352 3152 con-

100 3203 291 3268 sentaneum.

192 3317 310 3383 Datum
333 3316 448 3383 Rornae
470 3316 520 3383 die
542 3315 622 3382 xxiii
645 3315 734 3383 Junii
755 3315 886 3383 undum.
931 3316 1020 3383 Auno
1043 3315 1142 3383 tertio.

695 3575 770 3643 276.

454 3740 805 3808 FrsGuicciardlnus
828 3741 1009 3800 Sadoleto.

497 3849 663 3936 (diversor.
678 3849 718 3914 ad
733 3847 831 3915 Clam:
842 3850 882 3916 Π.
899 3849 965 3936 88).

593 3963 637 4050 ῤ3.
661 3961 746 4047 Sept
762 3961 870 4050 1526).

194 4126 297 4194 Hebbi
318 4126 427 4209 questa
448 4124 581 4190 mattina
603 4124 634 4189 la
656 4123 689 4190 di
710 4144 737 4191 r.
761 4144 784 4190 s.
808 4123 845 4189 de
866 4143 931 4190 xxx.
947 4124 1094 4207 Vengono
1116 4122 1226 4207 adagio
1248 4121 1356 4208 percbt

103 4243 235 4328 perdono
250 4240 379 4327 qualche
394 4240 469 4306 hora
483 4239 516 4304 di
530 4239 583 4324 piu
605 4258 658 4323 per
672 4239 697 4304 il
711 4238 842 4322 pericolo
857 4239 912 4304 che
935 4236 951 4304 b
967 4239 1014 4304 tra
1030 4237 1160 4304 Modone
1182 4239 1214 4304 et
1228 4238 1355 4314 Parma;

106 4357 142 4423 de
165 4357 241 4424 belli
262 4355 346 4422 modi
368 4356 424 4423 che
446 4355 474 4420 si
496 4354 641 4420 tollereuo
663 4354 696 4419 in
719 4353 819 4439 quello
841 4353 874 4418 di
893 4352 1011 4436 Reggio
1033 4370 1071 4418 ne
1093 4350 1190 4418 debbe
1212 4369 1311 4418 essere
1333 4351 1358 4416 il

107 4491 183 4538 mco.
218 4489 309 4538 mess.
338 4469 452 4556 Jacopo
480 4468 698 4536 awisato‘dal
724 4471 920 4552 governatore
944 4467 1143 4546 diModena;
1171 4467 1201 4536 io
1231 4484 1291 4534 non
1317 4466 1357 4534 ho

1137 4573 1198 4646 24*
