3132 4910
559 357 803 436 ..505-

71 565 105 648 ut
125 561 236 656 repnlsi
257 563 321 636 mm
343 585 363 636 e
383 561 594 637 benevolentia
615 569 647 638 et
668 571 877 646 coniunctione
891 572 946 642 tun
966 587 1037 642 oum
1057 565 1177 640 nullom
1198 565 1304 658 aequi

69 687 152 754 tetem
173 686 382 756 conditionum
403 685 525 754 nullum
546 685 692 757 inditium
713 691 777 758 reri
799 691 913 760 emeris
935 688 1016 777 opud
1037 691 1069 758 te
1090 687 1305 768 invenerimus,

69 801 123 869 siue
143 821 245 870 corum
260 802 379 870 ortibus
400 802 432 868 et
446 801 533 883 dolis
556 803 609 888 qui
630 822 687 872 uos
701 825 773 874 cum
795 808 957 876 serenitate
979 807 1034 874 tum
1052 822 1208 890 uunquam
1230 821 1304 870 oon·

68 917 174 985 imctos
195 937 263 986 esse
286 919 454 1000 voluerumt,
477 919 542 987 sire
564 921 618 986 tura
640 923 742 989 mente
765 924 991 1009 oppressionem
1013 921 1123 988 Italiae
1145 921 1177 987 et
1198 919 1305 986 immi·

68 1033 212 1102 notionem
226 1038 349 1102 nostrae
363 1034 526 1121 dignitatis
541 1035 717 1119 meditante,
733 1038 773 1105 ad
787 1058 823 1106 ee
844 1039 972 1108 consiliu
987 1057 1006 1106 a
1019 1037 1130 1124 quibus
1145 1037 1183 1104 de
1197 1037 1308 1104 nutum

67 1150 96 1214 et
118 1151 269 1218 uoluntate
299 1169 419 1236 semper
440 1151 662 1236 abhorruimue,
685 1156 855 1223 necessario
885 1175 991 1223 sumus
1021 1153 1179 1239 compulsi,
1210 1151 1307 1220 serius

67 1265 179 1350 quidem
208 1267 307 1334 multo
335 1285 427 1352 quam
457 1269 510 1334 eut
539 1269 741 1353 plurimarum
772 1291 875 1340 rerum
903 1270 1073 1357 indignitas
1102 1271 1156 1336 aut
1185 1268 1308 1336 honoris

67 1382 155 1448 nostri
175 1385 207 1449 et
227 1382 344 1468 publici
365 1382 474 1449 Italiae
496 1383 568 1452 boni
589 1385 667 1453 ratio
689 1388 880 1473 postulabat:
904 1385 964 1455 Sed
986 1405 1056 1454 cum
1078 1385 1118 1452 ad
1139 1387 1307 1453 extremum

67 1499 182 1566 rentum
202 1501 294 1580 esset
316 1518 386 1566 cum
400 1499 565 1584 patientioe
579 1503 702 1569 nostum
723 1503 885 1570 diuturnae
906 1503 998 1589 etque
1012 1519 1143 1588 maguae
1164 1501 1228 1568 ium
1250 1520 1307 1567 no-

67 1633 133 1681 men
159 1618 248 1700 utque
277 1615 380 1701 opinio
408 1615 447 1682 ed
476 1617 698 1703 negligentiam
728 1639 829 1688 rerum
858 1618 1049 1704 publicorum
1077 1617 1308 1694 converteretur,

66 1731 156 1797 eoacti
176 1750 282 1798 sumus
298 1731 423 1798 tandem
445 1751 480 1798 ee
495 1750 600 1817 capere
615 1752 709 1815 arma,
732 1753 809 1820 quae
827 1737 859 1802 et
881 1733 1019 1802 iustitiae
1036 1734 1067 1801 et
1081 1732 1191 1800 Italiae
1212 1731 1308 1798 liber·

68 1846 132 1926 luti,
153 1849 183 1914 et
203 1847 293 1915 nobis
319 1847 396 1932 ipsis
425 1850 551 1932 possent
571 1868 638 1916 esse
660 1850 819 1935 praesidio,
848 1868 909 1918 non
937 1849 1108 1918 offendendi
1133 1847 1311 1934 cuiusquam

67 1979 161 2042 censa,
184 1963 236 2030 sed
258 1963 366 2030 tuendi
381 1964 412 2030 et
434 1964 632 2032 conservandi
655 1965 779 2033 honoris
801 1967 893 2052 etque
914 1965 1008 2032 officii
1029 1963 1135 2032 nostri
1179 1962 1311 2043 Etenim

66 2081 98 2143 nt
119 2097 388 2164 commemoremus
417 2079 549 2146 breviter
570 2098 679 2148 causus
707 2082 818 2166 quibus
846 2080 970 2148 adducti
999 2100 1106 2148 sumus
1134 2079 1180 2146 ita
1205 2078 1311 2158 iacere,

65 2193 189 2262 memini
216 2197 318 2280 potest
347 2195 495 2262 serenitas
525 2197 586 2277 tue,
617 2195 683 2263 Nos
713 2217 783 2265 curu
812 2197 846 2264 in
867 2196 1057 2264 cardinalatu
1086 2215 1223 2263 essemus
1252 2195 1311 2262 tibi

66 2327 180 2376 summe
202 2310 319 2378 edictos
342 2311 433 2396 utque
455 2311 630 2380 coniunctos
654 2313 686 2378 et
707 2312 776 2380 viro
798 2312 836 2380 le
853 2331 893 2380 re.
915 2313 1016 2380 Ieone
1030 2311 1068 2379 K
1091 2311 1185 2378 fratre
1207 2312 1311 2377 nostro

66 2425 198 2507 patruele
219 2427 251 2492 et
273 2426 382 2494 deiude
404 2445 440 2494 eo
455 2428 583 2507 mortuo,
606 2447 665 2514 quo
680 2447 781 2496 rerum
804 2429 927 2496 tuarum
948 2427 1091 2495 isexitus
1112 2427 1203 2508 esset,
1226 2428 1261 2492 ut
1276 2445 1311 2492 ee

66 2541 159 2624 glorie
172 2541 312 2610 letareris
327 2559 419 2627 quam
434 2543 534 2608 tumet
548 2543 684 2627 optabas,
705 2562 767 2610 non
780 2543 936 2612 laboribus
958 2562 1019 2611 non
1033 2543 1176 2628 periculis
1190 2544 1312 2610 nostroe

65 2676 205 2740 personae
219 2657 367 2743 propriso,
382 2676 444 2725 uon
458 2657 607 2743 impensis
621 2659 798 2743 pepercisse.
836 2657 972 2745 Cumque
993 2658 1102 2727 deinde
1115 2658 1219 2726 divine
1240 2675 1311 2742 pro·

65 2773 197 2840 ridentia
219 2773 258 2840 ad
281 2773 476 2858 pontificatus
503 2773 648 2841 honorem
671 2775 769 2841 vocati
799 2774 964 2841 finissemus
987 2775 1092 2859 tuique
1113 2775 1187 2842 tune
1209 2773 1313 2841 hostes

64 2888 209 2956 inltaliu
230 2907 361 2974 magnas
383 2889 486 2974 copias
509 2889 663 2970 heberent,
692 2889 751 2957 etsi
781 2910 834 2975 per
855 2889 1019 2975 pastoralis
1041 2889 1135 2958 offleii
1157 2889 1259 2958 debito
1274 2890 1312 2956 ab

63 3003 125 3070 illie
147 3004 244 3070 armis
266 3004 483 3072 abstinendum
511 3004 600 3073 nobis
622 3006 704 3083 eret3
732 3006 861 3072 tumne
888 3005 1021 3073 rationes
1050 3007 1121 3072 tuos
1148 3005 1313 3091 impeditas

64 3120 311 3206 relinqueremus,
334 3138 396 3187 non
418 3120 502 3188 solue
516 3121 761 3188 llomntiuorum
783 3121 897 3188 auxilie
919 3120 973 3188 sed
995 3122 1117 3188 sanotae
1139 3121 1233 3188 etiem
1248 3121 1312 3187 Ro·

64 3255 170 3303 manee
192 3235 346 3302 Ecclesiae
361 3235 463 3320 copies
485 3236 519 3304 in
532 3236 596 3302 tuis
619 3235 764 3304 subsidiis
779 3239 811 3305 et
832 3237 941 3303 cestris
955 3237 1071 3303 versari
1085 3235 1313 3320 permissimus3

64 3372 117 3421 nec
131 3371 203 3420 vero
218 3351 360 3437 pecunias
376 3351 569 3437 suppeditare
586 3352 781 3432 ceesadmus,
804 3371 860 3419 uec
874 3353 1038 3438 numquam
1053 3351 1214 3436 depulsum
1236 3349 1314 3416 illud

64 3469 231 3552 periculum
254 3467 314 3534 fuit
335 3465 512 3534 destitimus
534 3467 661 3535 ducibus
683 3468 746 3535 tuis
768 3467 869 3534 favere
891 3469 923 3535 et
945 3467 1056 3535 iuuere.
1101 3467 1213 3534 Poetee
1234 3483 1313 3544 uero,

64 3603 131 3650 curn
153 3583 212 3650 hoc
233 3582 430 3667 pontificatus
451 3582 574 3650 honoris
596 3583 768 3650 cummunis
795 3583 827 3650 in
850 3583 938 3650 nobis
960 3582 1058 3668 petuis
1075 3599 1236 3668 personum
1259 3599 1312 3647 er-

67 3700 212 3783 posceret,
233 3696 529 3782 decrevissemusque
558 3699 664 3766 eboreo
686 3698 725 3765 eb
751 3699 847 3764 ermis
876 3699 908 3766 et
929 3698 1029 3779 bellis,
1057 3697 1263 3782 exercitusque
1285 3697 1316 3762 et

64 3815 180 3882 milites
204 3815 323 3881 nostros
344 3813 408 3880 tuis
430 3813 494 3880 iam
516 3814 592 3880 bene
614 3814 790 3881 constitutis
812 3815 911 3894 rebus,
934 3819 966 3883 et
988 3833 1050 3881 non
1068 3812 1157 3881 modo
1179 3831 1240 3880 non
1262 3811 1313 3878 iu·

64 3929 226 3998 ferioribue
241 3929 295 3998 sed
304 3929 510 4014 superioribus
520 3929 623 4010 etiem
638 3947 732 4014 quam
745 3929 883 3996 hostium
897 3931 1028 4011 tuorum,
1044 3928 1315 4004 revocavissemum

64 4047 168 4113 tamen
197 4045 292 4112 ermis
314 4064 334 4111 a
356 4045 444 4113 uobis
474 4045 621 4130 depositis
650 4065 747 4130 neque
775 4045 860 4112 lideli
890 4045 1018 4114 oonsilio
1040 4044 1167 4111 ducibus
1196 4042 1259 4109 tuis
1281 4041 1315 4108 in

64 4159 201 4230 Gellium
216 4161 445 4228 transeuntibus
460 4180 556 4246 neque
570 4161 641 4228 inde
654 4161 762 4246 pedem
776 4161 976 4228 referentibus
991 4159 1187 4245 pecuniarum
1202 4155 1314 4224 auxilio

64 4297 116 4362 pro
139 4295 242 4344 rerum
256 4278 432 4344 nostrarum
454 4277 602 4344 tenuitate
617 4275 778 4345 defuimus.
809 4275 961 4344 Successit
975 4295 1011 4344 ex
1030 4275 1085 4342 illo
1100 4273 1315 4358 intempestivo

64 4391 96 4458 in
111 4391 248 4460 Gellium
262 4392 487 4476 transalpinam
502 4394 625 4459 tuorum
640 4393 781 4472 transitu,
804 4393 942 4460 celeriter
955 4395 986 4459 et
1001 4390 1122 4476 gravior
1143 4388 1177 4455 iu
1190 4387 1315 4455 ltulium

66 4507 226 4576 Gallorum
248 4487 385 4594 irruptio,
414 4527 485 4594 rege
514 4508 641 4576 maximi
670 4507 802 4578 nominis
825 4507 988 4576 exordium
1018 4506 1145 4574 ducente
1173 4523 1208 4572 ac
1231 4504 1315 4573 urbis
