3128 4908
772 249 1016 330 alit-⁸

265 449 424 525 sanctitati
445 450 484 523 ob
512 449 754 540 assumptionem
777 474 864 522 snam
886 455 926 524 ad
949 459 1083 543 supremi
1111 458 1311 545 pontificatus
1334 459 1491 553 digdbbm

265 575 298 640 et
319 592 476 650 coronam;
499 591 575 657 quas
589 571 623 636 in
644 571 753 638 ceteris
767 571 912 656 replicare
933 592 994 640 non
1016 579 1065 641 eet
1086 593 1171 660 opus,
1194 577 1258 645 nisi
1272 581 1355 665 quod
1376 602 1425 649 nos
1437 583 1490 648 uqi.

265 709 368 757 vereos
387 691 487 756 vestre
510 687 667 754 sanctitati
682 687 949 771 quamtumillime
971 691 1118 774 tanquam
1141 692 1337 762 devotissimi
1360 699 1416 764 sibi
1433 700 1491 763 sub·

263 805 336 872 iacti
357 803 614 872 commendamus.
658 801 749 869 Nunc
770 804 874 869 autem
896 803 968 888 qnia
990 824 1051 874 non
1074 806 1253 892 ignoramus
1277 814 1459 878 sanctitatem
1472 833 1491 878 r.

262 922 430 1006 plurimum
445 918 587 986 dilexisse
602 917 646 985 ill
661 917 690 983 d
705 917 850 984 comitem
865 918 1050 988 Ludovicnm
1067 921 1269 992 Borromeum
1290 927 1491 996 confederatrn

261 1039 401 1104 nostnrm
423 1033 670 1121 percariesimum
699 1033 749 1100 cni
770 1033 869 1100 multa
891 1054 1022 1119 pernes
1044 1036 1146 1104 deberi
1168 1041 1358 1123 profitemur,
1386 1043 1490 1109 contidi-

262 1171 391 1238 mnsque
412 1171 483 1218 cnm
496 1151 536 1217 ob
558 1149 616 1216 boe
630 1151 698 1215 tum
712 1168 748 1218 ex
763 1147 822 1216 tide
837 1168 929 1233 qnam
944 1151 1147 1236 integgerima
1169 1155 1330 1237 habemns,
1346 1159 1422 1244 qnod
1441 1177 1491 1223 ev.

261 1267 440 1353 dignabitur
469 1264 559 1334 nobis
581 1267 613 1331 et
643 1264 915 1348 supplicationibus
944 1268 1058 1332 nostrie
1086 1269 1222 1353 gratam
1252 1291 1342 1339 suam
1364 1273 1493 1358 impartiri

260 1386 291 1450 et
313 1383 398 1449 onrni
420 1380 537 1448 nationi
566 1379 731 1460 ostendere,
764 1379 844 1464 qued
866 1399 885 1446 a
908 1400 931 1446 s.
954 1401 981 1448 v.
1004 1400 1060 1448 nos
1082 1402 1144 1450 non
1166 1386 1263 1470 spreti
1285 1405 1348 1454 non
1370 1389 1492 1456 obbviori

258 1497 366 1565 traditi
388 1515 509 1576 snmus,
539 1495 592 1562 sed
614 1494 778 1580 precordiis
801 1495 865 1560 suis
893 1515 947 1580 pro
960 1497 1050 1574 „veria
1072 1499 1151 1564 caris
1173 1501 1206 1566 et
1234 1501 1380 1570 fidelibus
1400 1504 1491 1571 nedum
1550 1565 1551 1586 ζ

259 1615 355 1681 servis
378 1613 432 1680 aed
446 1611 601 1680 amiciset
624 1610 699 1676 tiliis
714 1612 753 1676 ab
775 1611 882 1677 cadem
905 1611 1068 1680 sanctitate
1082 1617 1185 1681 vostra
1207 1620 1421 1700 recomendati,
1440 1619 1493 1684 ideo
1550 1597 1551 1692 J

258 1729 297 1796 ad
319 1727 538 1813 omnipotentis
561 1727 619 1793 Dei
641 1725 763 1792 laudem
786 1728 817 1791 et
839 1725 970 1811 gloriam
994 1729 1228 1816 sanctitatisque
1250 1735 1354 1800 vestre
1375 1735 1492 1802 damon
1550 1729 1551 1802 l

257 1849 289 1912 et
306 1845 446 1912 universe
467 1843 530 1928 lige
545 1845 647 1908 nostre
669 1841 814 1909 bonorem
838 1843 869 1907 et
884 1843 1145 1912 aemendationem
1162 1848 1316 1932 supplices
1339 1850 1493 1917 humillime
1550 1803 1551 1846 ¹

257 1980 415 2028 exeramus
430 1961 462 2027 et
476 1959 672 2042 deprecamur
693 1957 820 2023 eandem
837 1957 1033 2024 sanctitatem
1047 1963 1183 2028 vestram
1198 1965 1234 2028 ut
1248 1963 1393 2049 dignetm
1412 1965 1493 2032 nostri

256 2079 287 2144 et
310 2077 449 2143 universe
471 2074 605 2141 catonis
623 2073 811 2139 lllvetiornm
833 2091 936 2139 amore
957 2075 989 2140 et
1002 2074 1118 2142 intuitu
1140 2081 1257 2143 rev.tou
1272 2077 1413 2148 Garelnm
1427 2082 1491 2146 Ber·

255 2209 393 2258 romeam
416 2189 617 2275 apostolicum
646 2187 909 2273 prothonotarium
931 2188 1031 2255 filium
1054 2190 1183 2274 predicti
1204 2197 1330 2261 comitis
1359 2200 1493 2264 meamet

255 2306 371 2393 erigere
394 2325 504 2372 sacros.
519 2306 656 2372 Romane
678 2303 804 2370 ecclesie
818 2303 1019 2381 cardinalem
1043 2306 1161 2391 sibique
1175 2308 1213 2374 de
1228 2311 1384 2395 aliquibus
1396 2311 1491 2378 condo-

255 2423 394 2490 centibus
416 2421 569 2488 benefitiis
591 2419 762 2504 providere;
785 2421 817 2485 et
831 2420 864 2486 in
886 2419 944 2486 hnc
958 2422 1064 2486 nostra
1086 2423 1287 2493 universitate
1304 2427 1416 2494 dictam
1429 2446 1491 2494 con·

255 2538 433 2618 cessionem,
463 2536 692 2621 expeditionem,
723 2537 755 2602 et
783 2535 917 2620 gratiam
947 2537 1026 2602 sicut
1048 2539 1191 2621 optamus
1217 2540 1386 2622 destinare;
1414 2547 1445 2610 ut
1463 2559 1491 2607 ec

255 2655 378 2722 domino
401 2653 507 2720 Carolo
529 2652 568 2720 ad
591 2669 646 2718 nos
670 2651 823 2730 accersito,
850 2651 951 2718 Deum
980 2651 1142 2720 laudantes
1164 2657 1196 2722 et
1218 2661 1320 2724 vestre
1351 2658 1493 2725 mnctitatr'

255 2771 372 2856 gratias
405 2769 577 2848 referentes,
606 2767 681 2833 dicti
709 2765 914 2832 cardinalatus
943 2767 1125 2835 erectionem
1148 2773 1353 2858 nosmetipsi
1379 2775 1492 2840 sollem-

255 2889 406 2964 ninemua3
429 2888 461 2953 et
474 2886 577 2969 ipsum
598 2883 758 2949 dominum
773 2881 916 2948 Carolum
932 2883 1127 2966 postmodum
1142 2886 1182 2952 ad
1196 2892 1390 2973 conspectum
1404 2893 1492 2956 verbe
1549 2907 1550 2944 r

255 3002 429 3069 sanctitatis
458 2999 655 3068 concomitari
683 2998 845 3079 faciemus,
875 3001 910 3063 ut
940 2999 1141 3067 reverentiam
1164 3021 1256 3087 seque
1285 3005 1383 3072 toturn
1404 3009 1493 3071 vestm
1549 3039 1550 3058 r

255 3119 413 3187 enecati
436 3119 467 3184 oc
487 3117 523 3182 vn
544 3115 609 3182 evus
633 3133 775 3198 suprema
804 3115 954 3198 besee
977 3115 1136 3183 cosmum
1159 3119 1309 3199 erubet,
1337 3121 1412 3206 quor
1434 3120 1493 3186 rao
1549 3073 1550 3168 i

254 3237 356 3320 magis
371 3237 403 3301 et
416 3233 569 3300 efficacius
584 3231 621 3297 de
636 3231 737 3316 gratia
753 3230 877 3314 speciali
892 3231 992 3296 vestre
1007 3231 1165 3298 sanctitati
1180 3234 1386 3318 supplicamus
1405 3254 1492 3320 qnnn

254 3371 376 3418 ornnem
399 3351 534 3436 ipsorum
563 3348 660 3433 patris
683 3347 795 3414 attilii
816 3345 946 3430 madum
969 3347 1001 3412 et
1029 3348 1209 3433 qualitatem
1239 3353 1342 3417 nostre
1370 3351 1493 3418 nationis

255 3465 409 3554 propriam
437 3467 469 3531 et
490 3465 523 3531 in
545 3465 687 3530 universo
709 3465 741 3529 et
762 3462 796 3528 in
817 3462 996 3547 particulari
1017 3465 1200 3546 reputemus.
1244 3467 1287 3532 llt
1308 3466 1409 3533 exinde
1430 3486 1453 3532 s
1468 3485 1491 3529 v.

254 3603 309 3651 noe
331 3583 365 3648 in
387 3581 505 3648 cunctis
527 3579 766 3664 inspectionibus
789 3581 820 3644 et
842 3577 998 3662 optatibus
1021 3579 1085 3645 suis
1100 3580 1277 3647 obnoxiores
1299 3583 1426 3661 habebit,
1448 3582 1493 3646 cni

255 3718 310 3768 nos
332 3697 484 3783 supplices
506 3696 680 3762 humillime
700 3695 813 3761 iterum
835 3697 926 3779 atque
951 3695 1062 3760 iterum
1084 3697 1282 3764 concedemus
1303 3699 1397 3766 eidem
1409 3699 1493 3783 quic-

254 3817 327 3904 quid
349 3817 397 3882 est
419 3814 530 3880 virium
553 3814 726 3879 nostrornm
748 3809 916 3878 offerentes.
960 3812 1077 3878 Datum
1099 3811 1133 3878 in
1147 3813 1315 3880 universali
1335 3816 1410 3884 dieta
1431 3815 1491 3880 Ln-

253 3952 341 4002 cerne
362 3932 514 3998 celebrata
534 3928 585 3995 die
606 3927 806 3994 iFebruarii.
850 3929 939 3995 Anno
955 3927 1076 3993 mdxxiv
1099 3947 1169 3995 cum
1185 3931 1288 4015 sigillo
1311 3931 1492 4000 dommcnrm

252 4048 489 4119 Lucemensinm
511 4045 770 4114 condederatorum
792 4044 915 4111 nomine
936 4044 1035 4110 nostri
1057 4045 1194 4112 omnium
1217 4049 1273 4114 etc.

341 4167 375 4234 Il.
399 4185 423 4233 a.
445 4185 473 4232 v.
496 4147 593 4230 deret
616 4164 648 4230 ct
669 4160 839 4227 humillimi
861 4161 941 4226 servi
962 4161 995 4227 et
1016 4161 1144 4228 subiecti

833 4275 982 4345 Universa
1002 4277 1065 4363 lige
1087 4277 1229 4348 lllvetior.
1251 4279 1425 4350 Alamannis

764 4389 928 4478 superioris
949 4395 1083 4461 oratores
1103 4393 1139 4462 in
1159 4395 1296 4464 nucem
1316 4397 1491 4484 congregati

344 4509 459 4576 lterum
482 4508 588 4577 eadem
610 4508 747 4578 scribunt
769 4509 818 4578 die
839 4529 886 4578 xx.
908 4509 1073 4578 Februani.
1119 4511 1284 4602 (Diversor.
1300 4514 1340 4584 ll
1356 4513 1437 4600 170).
