3128 4908
750 257 905 324 -258
952 291 996 304 -·

241 473 353 534 amore,
376 473 483 522 sumne
498 453 655 537 complexi
677 452 862 538 ἀίςιιιῒιιειιι
877 471 913 518 ac
927 453 1061 520 ueterem
1075 449 1310 535 amplitudinem
1324 448 1476 536 pertineret
1542 526 1550 543 ,

242 571 373 640 eundem
394 571 523 637 fratrem
544 568 715 636 Antonium
737 569 880 634 misimus
902 567 943 632 ad
964 566 1155 634 devotionem
1169 567 1265 642 tum
1285 585 1407 650 eamque
1422 584 1476 630 no·
1542 562 1550 655 i

241 687 366 754 unimus
388 688 479 770 atone
500 684 616 750 hortati
639 703 754 762 snmus,
777 687 813 748 nt
834 683 980 767 quoniam
1002 702 1058 750 nos
1080 681 1143 765 ipsi
1166 701 1227 748 non
1249 700 1414 766 possamus
1433 699 1476 746 eu·
1543 668 1550 731 l

242 803 371 887 sciperet
392 801 461 886 ipsa
483 819 552 867 eam
580 819 694 877 curam
724 818 779 866 nec
802 800 1041 884 pretermitteret
1069 799 1189 864 tautam
1219 797 1413 874 occasionem
1439 796 1477 860 soi
1543 760 1551 829 Ι

240 917 356 984 ordinis
379 918 462 985 velut
484 935 520 982 ex
535 934 649 1000 magna
670 915 854 998 tempestate
876 915 911 980 in
931 917 1054 999 portum
1069 913 1239 990 Medendi.
1262 933 1299 979 ac
1314 933 1352 979 ne
1365 915 1397 978 ta
1415 932 1476 978 con·

240 1033 309 1099 silio
338 1035 461 1099 mutum
489 1033 677 1108 iuraremus,
716 1029 910 1096 adiunximus
940 1034 1090 1112 quantum
1118 1029 1275 1114 potuimus
1304 1028 1477 1095 auctoritatis
1543 1080 1551 1135 ἱ

241 1151 372 1228 nostae,
395 1148 476 1215 mes
492 1147 531 1212 ao
547 1147 698 1231 principes
714 1164 820 1213 omne
835 1145 1141 1223 cenomanens
1165 1145 1276 1228 qoem
1292 1163 1477 1228 unumquo-
1544 1142 1551 1239 g

240 1285 297 1350 que
319 1283 423 1331 eorum
445 1263 485 1329 ad
506 1261 685 1329 contuenda
707 1262 741 1329 iu
763 1265 829 1330 tam
851 1263 1018 1328 salutarem
1032 1260 1254 1344 expeditionem
1276 1279 1353 1344 quae
1368 1264 1475 1344 possent
1544 1256 1551 1333 ':

242 1381 358 1448 auxilia
381 1379 627 1455 adhorbbamun
650 1377 753 1444 addito
768 1377 871 1458 etiam,
893 1380 929 1444 ut
944 1378 973 1444 ei
994 1376 1086 1443 fidem
1101 1377 1256 1455 haberent,
1279 1391 1481 1460 quemeumque
1547 1409 1558 1485 ,ιχ

240 1495 359 1562 devotio
382 1497 436 1560 tue
458 1493 497 1558 ed
520 1511 571 1560 ece
594 1494 631 1559 ob
654 1494 712 1559 hoc
735 1493 927 1570 destinasset
951 1495 986 1558 ut
1008 1494 1111 1558 nostro
1134 1491 1257 1558 nomine
1279 1492 1313 1558 in
1335 1491 1418 1558 omni
1435 1490 1479 1554 ilia
1548 1570 1554 1591 .

240 1611 447 1696 negociatione
470 1627 562 1694 quam
585 1608 737 1674 latissime
760 1609 806 1674 uti
829 1627 949 1693 posses;
972 1607 1051 1691 quod
1074 1605 1196 1690 quidem
1220 1625 1256 1671 ea
1278 1607 1396 1672 ratione
1415 1605 1479 1670 fesi-
1549 1579 1558 1624 '¹

240 1745 318 1804 mus,
342 1744 380 1792 ne
395 1723 555 1790 mittendis
571 1724 651 1791 ultro
667 1724 801 1809 citroque
824 1742 842 1787 a
857 1722 1015 1790 devotione
1038 1725 1091 1788 tora
1106 1722 1145 1787 ad
1160 1740 1217 1788 nos
1231 1722 1359 1800 nuntiis,
1374 1725 1480 1803 ternpus
1548 1752 1553 1797 ;

239 1842 393 1921 tereretur,
417 1858 587 1916 tumuere
618 1841 672 1905 eut
694 1841 811 1905 aestate
833 1839 978 1922 proxima,
1008 1837 1231 1922 expeditionem
1254 1837 1343 1903 illam
1372 1835 1480 1902 ommno
1547 1800 1554 1909 l

240 1956 354 2042 suscipi
376 1955 512 2040 oportere
534 1954 748 2032 indicaremus,
771 1954 898 2020 adiectis
921 1953 960 2020 ad
983 1953 1197 2020 subventiones
1220 1953 1395 2038 principum
1416 1969 1480 2036 quae
1547 1920 1558 2003 l

239 2091 292 2156 prc
315 2090 419 2138 eorum
441 2071 593 2156 dignitate
616 2088 676 2135 non
699 2069 823 2154 exigens
854 2069 972 2135 futura
996 2070 1202 2152 sperabamus,
1233 2069 1327 2134 etiam
1350 2065 1479 2152 quicquid
1550 2096 1556 2137 ;

240 2205 293 2254 vos
315 2207 350 2253 ex
373 2186 489 2254 ordinis
512 2185 606 2252 vestri
635 2185 833 2251 facultatibus
857 2184 1034 2250 contrahere
1058 2183 1197 2267 possetis,
1227 2203 1297 2250 cum
1320 2202 1381 2250 nou
1402 2181 1480 2248 modo
1552 2151 1558 2220 l

238 2301 390 2387 perfectio,
414 2302 467 2368 sed
489 2301 639 2385 incoeptio
662 2319 779 2386 quoque
801 2299 893 2366 huius
916 2299 1081 2365 clarissimi
1103 2300 1203 2383 operis
1226 2303 1309 2365 esset
1332 2299 1416 2366 vobis
1438 2316 1480 2362 su·
1557 2277 1558 2318 ¹

239 2419 363 2495 lutarie;
387 2416 538 2501 siquidem
560 2417 632 2482 binc
654 2417 791 2482 futurum
815 2417 904 2494 esset
935 2420 970 2481 ut
992 2415 1064 2482 ordo
1086 2416 1187 2482 vester
1209 2419 1418 2481 exoneraretur
1439 2415 1481 2479 in·

239 2533 329 2612 ridie,
352 2552 411 2617 qua
434 2533 515 2617 apud
537 2551 642 2598 omnes
664 2531 729 2598 ἰιιιιι
751 2531 890 2599 notiones
913 2529 987 2597 adeo
1010 2530 1166 2615 premitur,
1195 2532 1241 2618 ot⁴
1254 2531 1386 2597 manne
1407 2529 1480 2613 peri·

238 2649 369 2727 clitetur,
393 2667 520 2732 eumque
544 2647 659 2732 negotii
686 2647 823 2731 gravitas
847 2646 1014 2731 aquireret
1040 2665 1079 2712 na
1101 2645 1140 2710 ed
1162 2646 1264 2729 plnres
1294 2647 1360 2712 eins
1383 2645 1482 2712 notitia

238 2763 400 2842 deveniret,
423 2763 598 2830 monuimus
628 2761 747 2828 dev.nem
771 2765 858 2828 tuem
880 2764 915 2827 ut
936 2761 976 2828 iis
999 2763 1130 2840 butum,
1162 2760 1263 2826 medio
1293 2761 1482 2826 sacmmente.

238 2878 482 2957 communicaret
506 2878 558 2964 qui
573 2877 737 2944 dobmate
759 2876 839 2943 iuter
855 2878 987 2942 meteres
1010 2875 1187 2954 eminerent
1210 2877 1241 2941 et
1256 2895 1384 2962 quorum
1398 2875 1481 2942 fidem

237 3013 273 3062 ac
294 2993 441 3060 iudicium
464 2995 655 3077 perspectum
678 2993 820 3068 baberes3
847 3011 985 3058 reversus
1008 2994 1140 3059 estnon
1162 2991 1259 3058 multo
1282 2993 1352 3076 post
1374 2991 1413 3058 ad
1433 3009 1482 3056 nos

237 3111 289 3176 tuo
320 3109 413 3187 iussu,
444 3107 525 3176 idem
549 3108 584 3174 fr.
607 3108 759 3173 domnius
789 3108 842 3192 qui
872 3107 986 3187 retulit,
1010 3126 1041 3173 re
1064 3125 1082 3171 a
1105 3106 1262 3174 devotione
1292 3109 1345 3172 tue
1375 3107 1482 3192 aliquot

237 3223 392 3309 primariis
408 3226 440 3290 et
461 3242 592 3308 magnae
607 3223 808 3308 experientiae
822 3222 896 3288 viris
912 3223 1144 3302 ammoneo,
1166 3222 1372 3308 expositisque
1392 3221 1482 3307 padd-

237 3339 380 3406 culariter
403 3339 469 3405 cius
492 3340 641 3404 bacbtus
665 3338 882 3416 fondamentis,
905 3338 1014 3404 multis
1037 3357 1126 3421 super
1148 3338 1206 3404 hoc
1220 3337 1482 3406 deliberationibus

236 3453 359 3532 habitis,
382 3454 524 3520 omnibns
547 3453 628 3520 idem
652 3453 752 3519 visum
775 3453 966 3520 nullomodo
989 3455 1094 3519 tantm
1115 3453 1160 3519 rei
1182 3454 1370 3522 occasionem
1393 3453 1482 3519 aDeo

235 3570 370 3637 oblatam
394 3569 598 3636 emittendam
621 3588 701 3648 osse,
733 3568 786 3634 sed
809 3588 878 3634 cum
909 3571 1015 3634 tenues
1043 3570 1147 3635 essent
1169 3568 1248 3635 vires
1271 3571 1405 3650 vestae,
1434 3587 1482 3634 nee

235 3686 369 3750 multem
385 3685 422 3750 ob
439 3684 605 3752 discordias
622 3683 794 3768 principum
817 3685 849 3750 in
872 3702 975 3750 acrum
993 3683 1115 3750 auxiliis
1131 3684 1197 3768 spei
1211 3685 1384 3769 ponendum
1399 3686 1482 3760 esset,

234 3799 331 3866 videri
352 3799 574 3883 expeditionem
589 3818 681 3884 quam
704 3819 760 3866 nos
776 3819 844 3866 vere
867 3798 1106 3884 aggrediendam
1120 3800 1329 3879 censebamus,
1351 3801 1384 3866 in
1400 3819 1481 3867 meu·

235 3935 300 3981 sem
323 3916 507 4002 Augustum,
530 3915 583 4000 qui
606 3913 741 3998 proxime
763 3915 885 3998 elapsus
900 3917 959 3990 est,
981 3913 1185 3994 reficientem,
1208 3913 1247 3980 ad
1263 3915 1344 4000 quod
1359 3917 1481 4000 tempus

233 4029 375 4098 omnibus
398 4031 488 4097 rebus
511 4029 678 4115 paratiores
702 4032 792 4114 etque
814 4029 1025 4096 instmctiores
1047 4029 1208 4114 negocium
1230 4029 1359 4116 aggredi
1382 4049 1480 4116 spera·

234 4147 324 4226 batis,
347 4147 550 4232 profecturam
564 4145 690 4212 interim
706 4146 823 4212 devs-u
840 4147 925 4212 tuem
940 4145 973 4212 in
988 4145 1145 4230 Angliam‚
1167 4145 1380 4232 adituramque
1395 4147 1481 4212 etiam

232 4262 337 4330 eodem
352 4261 461 4329 itinere
476 4280 580 4346 regem
594 4261 885 4329 christianissimum
903 4263 1148 4346 bntatummque
1162 4261 1237 4346 quid
1251 4263 1317 4346 opis
1333 4263 1382 4328 illi
1401 4280 1480 4348 reges

233 4377 266 4444 in
280 4378 359 4444 banc
382 4383 455 4443 stam
471 4376 692 4460 expeditionem
707 4375 842 4444 consenc
858 4377 984 4453 reflant
1006 4395 1074 4444 esse
1089 4377 1184 4444 etiam
1199 4377 1232 4444 in
1248 4375 1352 4444 Gellia
1376 4378 1480 4464 sylves
