3132 4910
591 339 837 412 ..353-

678 683 753 754 269.

334 849 534 912 Cardlnalls
560 849 797 910 Eboraoensls
820 848 991 911 clemenu
1014 853 1088 914 vll.

560 959 647 1046 (litt.
662 959 757 1044 princ.
773 961 813 1028 IL
830 958 875 1045 2).

589 1075 633 1163 (3.
648 1074 718 1142 Jan.
737 1076 846 1163 1526).

179 1237 365 1304 Beatissimo
384 1237 476 1304 Pater
499 1237 681 1303 deosculatis
699 1237 905 1304 sanctissimis
926 1239 1044 1305 saeuae
1066 1240 1265 1308 beatitudinis
1285 1260 1341 1327 po·

87 1355 178 1422 dibus
193 1357 226 1421 et
239 1354 416 1420 humillima
437 1352 699 1420 commendatione
720 1354 897 1438 praemissa.
921 1355 1114 1424 Perturbatio
1129 1357 1227 1424 ammi
1248 1376 1341 1443 quam

89 1490 114 1537 s.
132 1491 156 1538 s.
180 1490 217 1538 er
239 1470 369 1555 appulsu
391 1469 538 1554 vicoregis
560 1470 749 1554 aliorumque
771 1468 993 1538 Germanorum
1014 1470 1048 1537 in
1062 1471 1188 1540 Italiam
1210 1473 1343 1542 adventu

88 1588 275 1670 conceperat
298 1603 332 1652 eo
347 1585 543 1669 potissimum
558 1584 680 1652 nomine
695 1585 774 1671 quod
789 1586 944 1670 publicem
959 1587 1195 1656 christianitatis
1209 1591 1344 1675 quietem

89 1703 298 1786 suspicaretur
320 1721 355 1768 ex
376 1701 432 1767 illa
454 1701 610 1769 occasione
624 1703 809 1768 commotum
832 1702 879 1783 iri,
902 1703 989 1769 tanta
1004 1722 1054 1770 mo
1076 1705 1218 1773 molestia
1240 1706 1343 1773 affecit

88 1819 207 1904 quanta
229 1817 437 1884 humillimam
454 1836 489 1882 ac
511 1817 815 1883 observantissimam
830 1819 1001 1885 creaturam
1023 1820 1132 1887 merito
1147 1820 1253 1889 debuoit
1270 1822 1342 1890 affi-

89 1953 173 2000 cere:
197 1933 328 1998 Proinde
351 1952 445 2018 quum
468 1934 514 1999 tot
536 1933 712 1999 nominibus
735 1933 918 2017 apostolicae
940 1933 995 2001 isti
1018 1935 1083 2002 sedi
1106 1937 1138 2002 ot
1159 1936 1345 2008 beatitudini

89 2051 213 2116 vestrae
235 2049 378 2132 perpetuo
407 2048 554 2114 obnoxius
577 2048 646 2128 sin,
669 2067 806 2115 mearum
834 2050 866 2116 in
889 2050 998 2134 primis
1027 2052 1161 2136 perdum
1184 2072 1251 2124 esse
1273 2053 1346 2122 duri

89 2165 301 2249 praesentium
332 2183 434 2230 rerum
464 2164 580 2228 statum
609 2163 804 2230 serenissimo
831 2165 954 2231 domino
983 2185 1051 2232 meo
1080 2167 1147 2252 regi
1176 2187 1213 2235 er
1242 2169 1345 2236 animo

89 2279 314 2360 commendare,
336 2279 390 2364 qni
403 2299 498 2364 quum
512 2278 638 2346 filialem
656 2280 899 2346 benevolentiam
915 2300 988 2366 erga
1003 2301 1026 2348 s.
1042 2303 1069 2349 v.
1087 2285 1345 2370 apostolicamque

103 2399 188 2463 stam
212 2395 315 2462 sedem
344 2392 594 2461 constantissimo
617 2411 736 2478 semper
767 2395 869 2462 animo
901 2397 1043 2480 praestet,
1073 2417 1158 2466 meas
1188 2418 1344 2469 commen·

91 2512 234 2582 dationes
263 2530 325 2577 non
354 2511 454 2576 solum
483 2508 567 2576 cordi
587 2509 705 2590 habuit
738 2511 791 2576 sed
813 2511 910 2578 voluit
940 2531 1057 2597 quoque
1078 2514 1136 2582 hoc
1165 2517 1346 2600 praesertim

90 2633 231 2713 tempore
253 2646 349 2712 neque
371 2625 497 2693 consilio
520 2645 615 2710 neque
637 2625 857 2708 adhortatione,
879 2645 935 2694 nec
949 2629 1157 2697 amantissimi
1178 2632 1273 2699 animi
1292 2634 1343 2700 in·

90 2745 173 2811 dicio
189 2762 280 2809 sunm
295 2743 410 2827 ergab.
426 2763 454 2809 v.
470 2740 607 2807 studium
621 2741 851 2826 promptissime
865 2743 974 2810 testmi
991 2745 1062 2828 (eie)
1080 2746 1167 2813 cuius
1186 2749 1231 2816 rei
1245 2749 1346 2833 gnatia

91 2859 294 2944 magnificum
316 2877 351 2925 ac
373 2858 507 2923 nobilem
529 2857 662 2940 equitem
684 2856 842 2924 dominum
864 2857 912 2925 Jo.
936 2859 1118 2941 Bossellnm,
1141 2883 1232 2948 quem
1253 2882 1272 2930 a
1295 2884 1344 2932 se-

92 2975 216 3041 cretiori
238 2973 377 3040 cubiculo
398 2973 492 3039 habet
513 2973 545 3037 et
559 2972 608 3037 cui
630 2991 686 3057 ego
709 2973 833 3056 perinde
855 2991 891 3040 ac
905 2976 1026 3059 proprio
1048 2975 1137 3044 fratri
1158 2981 1190 3046 et
1207 2981 1346 3047 omniurn

93 3090 175 3156 milui
196 3089 308 3155 intimo
337 3089 462 3168 afficior,
491 3087 530 3154 ad
553 3087 749 3155 sanctitatem
778 3090 911 3156 vestram
941 3109 1021 3157 nunc
1049 3096 1218 3176 properatis
1248 3097 1347 3163 mittit

93 3206 268 3286 itineribus,
297 3207 333 3272 ut
359 3223 448 3270 suum
478 3223 551 3288 erga
573 3223 641 3270 eam
671 3205 921 3290 syncerissimum
950 3207 1055 3290 pectus
1084 3227 1186 3276 corum
1209 3213 1347 3297 exponat

93 3321 204 3388 Eidem
228 3338 285 3406 ego
307 3319 430 3386 domino
452 3318 574 3385 Recedo
597 3319 743 3386 nonnulla
765 3319 865 3386 cordis
886 3321 949 3388 mei
971 3339 1080 3388 aroana
1103 3343 1127 3389 s.
1142 3344 1170 3392 r.
1185 3326 1348 3410 aperienda

94 3437 247 3516 commisi,
269 3453 362 3521 quam
383 3434 558 3502 humillime
580 3453 653 3520 rogo
675 3437 711 3501 ut
741 3436 915 3520 loquentem
944 3437 1035 3504 illum
1056 3438 1187 3506 alterum
1209 3460 1259 3508 mo
1281 3459 1348 3508 esse

94 3553 260 3631 existimet
282 3553 315 3618 et
329 3550 453 3636 perinde
475 3569 511 3618 ac
524 3549 603 3616 mihi
618 3550 710 3617 fidem
725 3550 786 3635 ipsi
800 3550 833 3617 in
848 3552 991 3619 omnibus
1012 3553 1218 3623 certissimam
1236 3556 1348 3624 habere

95 3670 241 3755 dignetur
262 3671 295 3735 et
317 3667 355 3733 de
368 3667 459 3746 bosius
482 3666 583 3752 regiae
598 3687 639 3734 m.
654 3666 745 3733 filiali
766 3668 799 3734 in
822 3687 854 3734 se
877 3667 987 3734 affectu
1008 3671 1039 3735 et
1054 3669 1266 3740 addictissimo
1279 3690 1349 3739 mea

95 3784 291 3852 observantia
313 3781 528 3869 syncerissima
549 3800 586 3847 ac
607 3781 788 3850 fidelissima
809 3802 944 3868 quaeque
967 3784 1028 3850 eibi
1048 3785 1193 3870 polliceri.

186 3897 272 3980 Quas
293 3917 419 3983 possum
443 3897 550 3966 deindo
571 3898 764 3966 humillimas
792 3899 910 3983 gratias
932 3919 959 3966 v.
982 3900 1011 3966 b.
1034 3919 1092 3986 ago
1114 3900 1193 3985 quod
1222 3921 1258 3969 or
1281 3902 1347 3969 sin·
1417 3932 1423 3946 ·

99 4015 202 4102 gulan'
234 4033 290 4081 sua
324 4015 358 4080 in
389 4033 439 4080 me
470 4013 660 4098 benignitate
689 4032 750 4080 non
781 4015 926 4098 gravatm
954 4013 1087 4081 assiduis
1115 4035 1165 4082 me
1196 4015 1351 4082 beneficiis

95 4151 240 4199 exornare
262 4132 294 4198 ot
315 4131 348 4197 in
370 4130 449 4197 meis
471 4129 637 4214 desyderiis
659 4128 855 4215 indulgendis
880 4129 1131 4197 liberalissimam
1152 4130 1349 4216 promptissi-

96 4265 242 4333 mamque
264 4267 296 4314 ee
319 4245 467 4324 exhibere,
495 4245 528 4310 id
550 4245 630 4329 quod
652 4245 895 4312 cumulatissime
924 4264 1004 4312 nunc
1026 4245 1098 4312 fecit
1119 4245 1153 4312 in
1181 4245 1244 4312 mei
1266 4245 1348 4313 Oro·

96 4364 215 4432 niensis
230 4362 352 4447 collegii
367 4361 521 4428 bullarum
536 4359 740 4446 expeditione;
756 4361 810 4428 sed
824 4381 919 4446 quum
934 4361 1081 4428 nonnulle
1094 4361 1161 4428 loca
1175 4379 1212 4428 ac
1225 4360 1350 4430 nomina

95 4481 229 4565 scriptor
249 4497 408 4564 perperam
431 4477 595 4562 scripserit,
617 4477 808 4562 maximeque
823 4495 878 4562 ego
906 4477 1027 4560 cupiam
1050 4476 1094 4543 ita
1116 4475 1232 4544 dictum
1254 4476 1348 4544 colle·

149 4605 255 4654 mate·
267 4605 377 4644 οι-ωιιι
391 4603 439 4644 var.
1147 4587 1191 4656 23
