3192 4930
584 305 805 372 ...49-

103 499 169 565 laten
182 499 442 586 intelligebamus:
459 519 536 566 nora
551 517 678 584 persona
694 499 853 583 assumpta
868 498 1055 564 servavimus
1071 497 1193 582 quidem
1203 516 1321 564 amores

102 614 212 696 pristinos
243 633 319 700 quos
348 617 464 682 multae
493 617 525 680 et
546 633 676 700 magnae
705 633 820 692 causae,
851 618 920 680 tuae
950 613 1109 697 presertim
1132 611 1323 680 adrnirabilis

104 729 194 796 uirtutis
215 735 249 798 et
271 751 343 816 erga
366 750 421 797 nos
444 731 577 816 optimae
593 731 767 807 voluntatis,
791 731 926 796 innubis
942 729 1122 795 excitarent:
1146 728 1198 794 sed
1222 731 1322 794 vetera

104 843 152 909 odiu
170 848 268 914 onmia
289 848 410 930 penitus
440 846 636 923 abolevimus,
666 845 820 929 patrisque
844 845 1032 928 suscepimus
1056 861 1215 928 personam
1238 843 1323 908 cuius

103 960 283 1027 benevolentia
297 965 328 1028 et
343 963 476 1028 charitas
492 963 633 1027 omnibus
651 963 732 1026 osset
747 960 927 1036 communis,
950 962 1098 1043 quatenus
1114 958 1153 1024 ad
1168 957 1323 1042 publicum

105 1075 189 1142 boumn
208 1077 446 1143 christianitatis
469 1079 534 1142 tota
557 1077 725 1142 referretur.
750 1077 814 1142 Hoc
836 1075 923 1140 nobis
942 1075 1068 1140 oonsilio
1091 1074 1252 1157 proposito,
1267 1091 1324 1157 pa·

103 1207 151 1254 cem
170 1211 283 1276 semper
311 1193 350 1258 ab
373 1193 462 1258 initio
491 1193 664 1276 optavimus
693 1209 856 1274 pacemque
887 1189 1116 1272 imploravimus
1146 1208 1272 1274 eamque
1295 1190 1326 1254 et

103 1324 198 1386 poscere
217 1311 249 1372 at
273 1307 399 1374 suadere
422 1309 453 1373 et
475 1308 592 1390 precari
613 1306 790 1372 destitimus
812 1325 985 1390 nunquam;
1007 1305 1082 1370 haec
1105 1323 1190 1370 arma
1205 1305 1326 1388 penitus

104 1419 231 1487 tonantes
255 1441 332 1506 quae
355 1441 509 1489 summam
538 1422 757 1488 christianitati
787 1420 951 1504 perniciem
974 1421 1130 1487 afferentia
1153 1439 1207 1486 nec
1230 1419 1327 1505 perti·

103 1537 186 1602 maiae
204 1557 259 1604 nec
288 1537 540 1604 detrimentorum
562 1539 655 1604 linem
685 1537 784 1602 ullum
814 1538 1011 1602 constituunt.
1056 1539 1101 1602 Ac
1124 1555 1179 1602 noe
1201 1535 1327 1620 'quidem

102 1647 230 1718 incilicia
253 1653 326 1720 beni
346 1653 478 1736 pastoris
500 1654 691 1737 perstitimus
714 1653 896 1730 constanter,
919 1673 1014 1738 neque
1030 1653 1068 1718 ab
1083 1673 1117 1718 ec
1141 1653 1204 1718 ulla
1227 1671 1328 1718 rerum

104 1771 146 1830 aut
164 1771 328 1853 temporum
358 1769 530 1836 conditione
553 1789 659 1836 sumus
682 1769 854 1846 discessuri,
883 1771 1002 1852 praeter
1024 1769 1160 1836 debitum
1191 1771 1328 1834 nostrum

103 1882 179 1949 etiam
200 1883 286 1951 Sedis
309 1885 492 1969 apostolicae
508 1885 679 1952 incredibili
701 1885 803 1968 inopia
818 1884 1033 1968 debilitateque
1056 1885 1159 1952 coacti.
1184 1883 1243 1950 Sed
1261 1905 1330 1950 cum

103 1999 238 2066 oonsihum
263 2001 343 2084 quod
372 2018 428 2066 nos
456 2002 659 2086 probabamus
689 2003 720 2068 et
743 2000 947 2066 necessarium
976 2021 1042 2066 esse
1071 2001 1280 2066 iudicabamus
1305 2003 1331 2066 ei

102 2115 172 2179 satra
192 2115 310 2181 deberat
332 2135 400 2182 ease
422 2117 640 2195 christianitas,
670 2119 705 2180 ut
726 2117 810 2200 pacis
834 2117 910 2181 ratio
934 2117 1036 2200 aliqua
1058 2116 1194 2194 iniretur,
1223 2115 1332 2182 ceteris

104 2248 318 2314 proponeremus
341 2231 381 2296 iis
404 2232 456 2316 qui
485 2251 565 2298 nunc
588 2232 621 2296 in
644 2232 735 2297 ltalia
758 2231 873 2296 bellum
896 2235 1014 2314 gerunt,
1044 2235 1148 2298 nostra
1171 2225 1330 2316 ‘nunquam

103 2361 147 2408 ror
166 2347 373 2412 auctoritatem
402 2365 494 2430 qnam
524 2346 630 2412 debuit
651 2348 751 2432 potuit
780 2347 930 2422 obtinere:
954 2367 1026 2412 nam
1049 2347 1102 2431 qui
1125 2347 1240 2413 viribus
1271 2348 1333 2413 suis

100 2459 273 2528 confidebant
302 2461 464 2527 consilium
493 2462 576 2545 pacis
606 2463 668 2527 uisi
697 2463 787 2528 certis
817 2462 1007 2546 pactiombus
1037 2461 1163 2528 adiectis
1188 2481 1332 2545 aspama-

102 2571 210 2641 bautur:
231 2579 263 2642 et
277 2575 330 2660 qui
344 2576 440 2641 annis
463 2577 494 2642 et
509 2577 617 2660 opibus
633 2578 735 2643 miuus
751 2580 891 2660 poterant
906 2577 1105 2662 pertinaciam
1128 2596 1182 2661 pro
1199 2579 1334 2662 potentio

100 2692 301 2773 amplectentes
323 2692 363 2756 ad
385 2690 572 2758 conditiones
596 2693 675 2758 ullas
698 2693 838 2759 accedere
861 2693 1049 2770 recusabant,
1080 2694 1112 2758 in
1136 2712 1195 2777 qua
1213 2692 1334 2777 quidem

100 2823 127 2870 re
147 2806 172 2871 si
192 2809 305 2874 nostrie
327 2807 454 2872 monitis
470 2807 580 2873 fuisset
602 2809 844 2892 obtemperatum
868 2809 1005 2874 omnium
1029 2829 1075 2874 res
1092 2807 1202 2874 tutiore
1225 2809 1258 2874 in
1273 2809 1337 2874 loco

101 2938 181 3002 quam
202 2941 283 2988 nunc
305 2924 377 2989 eunt
400 2922 531 2988 fuissent
553 2923 731 2990 collocatae:
763 2923 816 2988 sed
837 2924 986 3006 pendente
1009 2923 1061 2988 diu
1091 2927 1122 2989 et
1150 2924 1241 2990 dubio
1264 2925 1339 2989 balli

99 3039 206 3114 eventu,
227 3056 299 3103 cum
321 3057 373 3104 rar
395 3039 578 3104 Francorum
601 3039 732 3104 exercitu
755 3038 925 3124 prepollens
948 3041 1066 3122 partem
1089 3040 1242 3123 copiarum
1267 3059 1338 3104 sua·

100 3169 159 3216 rum
181 3152 218 3218 ad
242 3155 330 3218 tuum
352 3171 480 3236 regnum
497 3153 733 3237 Neapolitanum
756 3154 878 3220 mittere
893 3153 1083 3232 decrevisset,
1105 3171 1166 3220 non
1188 3156 1254 3219 tam
1276 3155 1341 3218 eius

101 3267 257 3350 occupandi
279 3269 313 3332 ut
335 3267 491 3352 allegebat
519 3287 611 3334 cauea
633 3287 725 3352 quam
749 3271 818 3334 tuos
847 3268 1010 3336 inducendi
1032 3271 1066 3334 ut
1096 3269 1156 3336 sibi
1178 3267 1343 3334 Mediolani

99 3379 234 3448 ducatum
258 3381 407 3460 cederent,
429 3403 485 3448 nos
507 3385 580 3450 tuno
602 3403 706 3467 regem
728 3383 831 3468 ipsum
854 3385 961 3450 multis
985 3384 1089 3450 allatis
1112 3383 1282 3450 rationibus
1305 3385 1343 3448 alr

100 3514 131 3561 ca
151 3497 367 3564 deliberatione
382 3498 571 3576 deduximus,
587 3499 764 3582 pollicentes
787 3499 880 3564 etiam
905 3519 959 3566 nos
975 3501 1145 3566 tentaturos
1165 3499 1192 3564 si
1207 3499 1346 3582 componi

100 3612 193 3695 aliquo
216 3613 307 3679 modo
330 3633 378 3680 ree
394 3613 630 3681 Mediolanensis
652 3616 768 3698 posset;
793 3614 871 3699 quod
894 3615 987 3680 etiam
1011 3615 1125 3680 luimus
1141 3615 1271 3699 experti;
1294 3615 1346 3680 sod

100 3745 163 3794 cum
185 3729 283 3794 nimis
305 3729 380 3795 duro
396 3731 430 3796 ut
453 3730 560 3796 multis
576 3730 735 3796 videbatur
757 3731 787 3796 et
802 3729 956 3796 obstinato
978 3730 1081 3796 anum
1103 3730 1150 3796 tui
1165 3731 1349 3806 resisterent,

100 3841 175 3909 idam
198 3863 259 3922 rar,
293 3845 356 3910 sive
378 3865 414 3910 ea
436 3864 468 3910 ra
490 3845 632 3912 incensus
663 3845 726 3910 sive
756 3845 969 3928 impotentiam
999 3846 1135 3910 nostram
1165 3844 1350 3928 intelligens,

101 3960 233 4026 smmum
257 3977 330 4026 vero
352 3962 390 4026 ab
413 3962 509 4026 armis
532 3961 654 4028 omniuo
684 3963 835 4027 remotum
859 3979 1051 4044 cognosceus,
1074 3961 1181 4026 ducem
1204 3959 1352 4026 Albaniue

102 4091 165 4141 oum
188 4093 319 4142 numero
341 4075 477 4159 peditum
501 4076 695 4160 equitumque
718 4075 838 4142 dimisit
860 4076 899 4141 ad
917 4079 1004 4142 tuum
1028 4095 1157 4160 regnum
1173 4073 1351 4159 Neapolita-

102 4207 171 4256 num
199 4189 401 4256 tentandum:
431 4192 484 4276 qui
513 4212 592 4258 nuno
621 4193 679 4258 iter
708 4192 822 4258 faciens
853 4211 922 4257 cum
952 4211 1005 4274 per
1034 4193 1154 4256 nostros
1177 4191 1208 4256 et
1231 4191 1352 4256 sanctae

103 4325 240 4373 romanae
274 4305 417 4372 ecclesiae
447 4309 547 4374 status
577 4308 720 4385 transeat,
745 4307 832 4372 nobie
861 4306 1022 4389 imparatis
1052 4307 1082 4370 at
1111 4305 1195 4370 nullo
1225 4305 1356 4372 exercitu

105 4423 225 4501 nnnitis,
250 4421 360 4487 attulit
382 4422 469 4488 nobis
493 4441 597 4488 curam
621 4426 652 4488 st
675 4421 887 4488 necessitatem
911 4421 1065 4504 cogitandi
1089 4423 1123 4486 ut
1145 4419 1247 4506 aliquo
1270 4421 1359 4486 modo

155 4547 259 4594 ιιιιωιω
274 4547 382 4584 cumas·
397 4549 444 4590 vn.
1178 4532 1200 4598 4
