3192 4930
756 293 810 316 .,--
856 253 898 322 38
932 291 987 312 .-

252 452 402 517 sententia
418 453 521 516 nostre
537 451 694 528 firmiores,
710 453 745 514 ut
759 451 878 514 nullum
895 449 977 516 aliud
995 449 1161 516 remedium
1184 450 1374 516 inveniamus
1389 449 1486 514 Italiae

250 567 467 650 tranquillitati
496 569 526 631 et
555 567 789 630 christianorum
819 566 887 648 paci
916 567 1078 642 communi,
1108 585 1184 648 quae
1213 585 1272 648 pax
1301 567 1331 630 et
1360 565 1440 648 quies
1462 566 1485 628 si

251 684 426 748 abhorreret
454 683 485 746 et
514 681 612 745 ahena
642 683 723 745 esset
746 701 762 744 a
787 681 924 746 Caesaris
954 682 1121 769 commodis
1151 683 1316 746 ethonore
1346 701 1383 746 ne
1410 679 1488 746 nobis

249 798 371 881 quidem
394 797 440 861 t'as
463 817 529 862 esse
552 801 727 879 putaremus
750 798 912 880 quicquam
935 797 1069 880 cogitare
1091 799 1145 861 aut
1161 797 1298 880 proloqui
1321 797 1400 880 quod
1422 796 1485 878 dig-

250 915 378 978 nitatem
409 915 439 976 et
469 914 583 976 statum
614 912 698 975 illius
730 913 777 976 vel
807 913 970 976 minimum
994 912 1128 977 violaret.
1176 911 1234 978 Sed
1265 913 1378 978 conscii
1400 912 1487 976 animi

249 1029 348 1095 nostri
370 1047 458 1111 quom
482 1046 554 1110 erga
577 1028 673 1110 ipsius
703 1029 898 1092 serenitatem
920 1027 1064 1110 gerimus,
1087 1047 1210 1110 remque
1233 1027 1402 1092 accuratius
1423 1046 1488 1091 con·

251 1145 418 1210 siderantes
482 1145 552 1224 (ab)
609 1144 743 1226 plerique
775 1144 898 1208 illorum
930 1143 1072 1220 fortasse,
1105 1143 1157 1226 qui
1185 1161 1217 1207 se
1248 1161 1302 1226 pro
1334 1142 1388 1208 illo
1419 1145 1490 1207 stare

249 1261 283 1325 in
306 1259 400 1324 armis
424 1261 454 1323 et
476 1259 678 1341 perniciosum
694 1259 810 1323 bellurn
833 1259 1008 1323 continuare
1023 1259 1101 1322 velle
1122 1258 1316 1341 profitentur:
1339 1258 1448 1323 itemm
1465 1259 1490 1322 et

252 1375 372 1458 saepius
389 1374 543 1439 nobilitati
566 1375 635 1438 tuae
651 1374 838 1439 consulimus
862 1375 897 1437 ut
919 1371 1080 1457 aliquando
1104 1374 1174 1440 dare
1198 1375 1319 1439 tavelis
1334 1373 1491 1457 regendum

253 1511 320 1555 vere
344 1489 478 1573 paternis
502 1491 533 1553 et
555 1489 697 1554 fidelibus
720 1489 856 1554 consiliis
879 1488 1001 1565 nostris,
1032 1507 1108 1571 quae
1131 1489 1247 1554 famam
1269 1489 1393 1572 quidem
1415 1491 1491 1554 tuam

251 1609 281 1672 et
303 1625 414 1670 nomen
443 1607 655 1668 conservatore
679 1607 759 1680 sunt,
791 1605 920 1669 caesaris
945 1623 1013 1668 vero
1037 1604 1127 1669 decus
1151 1607 1181 1668 et
1210 1605 1376 1669 utilitatem
1408 1604 1492 1668 etiam

251 1723 391 1786 auctura:
429 1719 628 1784 christianam
658 1721 761 1784 autom
791 1719 1010 1802 rempublicam
1043 1719 1081 1783 ad
1112 1719 1311 1784 manifestum
1344 1719 1494 1784 interitum

251 1836 460 1920 prolabentem
498 1836 531 1899 in
562 1836 697 1917 aliquam
730 1853 815 1917 spem
848 1835 966 1913 salutis,
998 1835 1178 1900 concedente
1209 1834 1282 1913 Deo,
1311 1834 1494 1899 revocabunt.

251 1951 371 2017 Scimus
395 1952 477 2016 enim
501 1951 532 2015 et
555 1950 692 2014 videmus
724 1953 872 2033 quantum
894 1950 989 2015 instet
1018 1951 1114 2015 cladis
1137 1953 1167 2015 et
1197 1950 1396 2033 pericolomm
1419 1949 1494 2014 chri·

251 2068 351 2133 stiano
382 2065 499 2131 nomini
522 2069 552 2130 et
575 2067 664 2130 rebus
694 2067 854 2148 praecipue
877 2064 1014 2130 Caesaris
1039 2065 1066 2129 si
1095 2066 1151 2130 hoc
1179 2065 1357 2148 pestifemm
1388 2065 1495 2130 bellum

250 2181 365 2246 diutius
398 2181 589 2246 extrahatur:
613 2181 692 2263 quod
724 2183 758 2245 tu
781 2181 910 2247 tortasse
933 2181 1050 2265 privato
1073 2181 1140 2245 odio
1173 2181 1204 2246 et
1226 2200 1380 2246 armorum
1405 2179 1497 2246 studio

248 2297 416 2380 impeditus
431 2295 534 2360 minus
559 2297 634 2362 scire
650 2297 681 2361 ot
696 2297 796 2361 vidore
819 2299 920 2378 potes:
945 2296 997 2361 sed
1019 2298 1099 2361 certe
1116 2297 1142 2360 si
1162 2295 1234 2379 quid
1249 2295 1366 2360 accidet
1386 2297 1497 2378 praeter

251 2431 336 2495 spem
366 2413 397 2476 et
419 2412 601 2494 opinionem,
632 2412 731 2476 omnis
755 2412 891 2476 omnium
915 2411 1071 2476 iracundia
1099 2413 1189 2494 atque
1211 2411 1338 2475 infamia
1361 2412 1394 2476 in
1416 2414 1496 2476 tuum

249 2529 340 2610 caput
362 2529 504 2610 eruptura
528 2530 589 2592 est:
621 2527 699 2610 quod
723 2527 873 2592 nollemus
889 2544 944 2593 nos
968 2525 1090 2610 quidem
1113 2545 1214 2591 amore
1237 2525 1376 2592 Caesaris
1398 2529 1430 2591 et
1451 2528 1497 2590 tuo

249 2643 380 2708 adducti.
427 2640 513 2721 Quod
536 2643 659 2726 quidem
681 2642 720 2706 ad
743 2645 881 2708 nostrum
904 2643 1056 2726 pastorale
1079 2641 1214 2708 officium
1237 2641 1357 2718 attinet,
1380 2645 1412 2708 et
1434 2660 1497 2706 mo·

249 2777 358 2823 nemus
388 2759 419 2822 et
441 2760 592 2822 testamur
622 2760 758 2822 nostram
788 2759 827 2822 ad
856 2759 936 2823 recte
959 2757 1016 2822 tibi
1046 2758 1263 2823 consulendum
1294 2761 1324 2822 et
1346 2775 1451 2822 curam
1472 2756 1499 2818 et

250 2872 472 2956 providentiam
494 2891 554 2937 non
578 2873 718 2938 defuisse.
763 2873 845 2938 Nam
870 2873 896 2936 si
919 2892 953 2936 er
977 2874 1073 2937 altera
1095 2874 1180 2955 parte
1204 2873 1326 2937 firmam
1355 2873 1499 2936 rationem

251 2988 386 3070 aliquam
409 2988 637 3052 constituendae
652 2989 736 3070 pacis
752 2989 982 3065 invenissemus,
1007 3005 1066 3052 non
1082 2988 1141 3053 huo
1156 2987 1352 3071 potissimum
1368 3003 1500 3054 essemus

251 3101 360 3176 deleth
385 3103 437 3167 sed
461 3103 533 3167 haer
564 3104 726 3168 vicariatus
757 3102 883 3167 Christi.
902 3103 1037 3186 dignitas
1061 3123 1115 3168 nos
1145 3122 1198 3185 pro
1228 3103 1348 3185 pubhoo
1370 3101 1501 3184 primunr

251 3217 340 3294 bono,
365 3217 480 3296 deinde,
505 3239 538 3283 eo
556 3220 640 3284 salvo
657 3223 686 3283 et
702 3221 873 3301 praeeunte,
897 3219 933 3282 de
953 3223 1044 3282 car.mi
1072 3218 1128 3282 filii
1144 3219 1241 3282 nostri
1257 3217 1394 3283 Caesaris
1417 3218 1503 3281 rebus

251 3335 282 3397 et
304 3333 366 3397 tuis
391 3334 489 3398 reddit
513 3335 667 3399 sollicitos.
715 3335 750 3398 ln
774 3353 894 3399 summa
922 3334 978 3398 hoe
1001 3333 1193 3399 nobilitatam
1217 3337 1303 3398 tuam
1326 3331 1501 3398 admonebi-

251 3467 329 3525 mus,
354 3449 382 3512 si
404 3452 507 3513 nostra
531 3450 658 3514 consilia
682 3453 802 3515 secutus
825 3450 927 3526 fueris,
958 3451 987 3514 te
1012 3449 1121 3514 melius
1145 3447 1204 3515 tibi
1225 3452 1256 3514 et
1279 3449 1388 3514 Italiae
1411 3447 1502 3512 saluti

249 3565 458 3628 consulturmn
482 3585 562 3630 esse:
592 3566 670 3648 quod
693 3566 726 3630 in
750 3567 835 3630 omni
863 3569 972 3630 eventu
996 3584 1095 3629 rerum
1119 3565 1266 3630 testatum
1291 3564 1370 3648 apud
1393 3567 1423 3628 te
1448 3582 1500 3627 vo-

250 3678 366 3744 luimus
389 3681 565 3764 relinquere.

341 3793 427 3873 ouon
457 3799 581 3879 paterno
611 3799 718 3862 attactu
749 3797 851 3880 cupidi
881 3799 911 3860 et
942 3795 1086 3860 utilitatis
1109 3799 1140 3859 et
1168 3795 1404 3860 existimationis
1433 3797 1503 3858 tuae

251 3910 308 3973 tibi
332 3911 429 3974 amico
453 3913 483 3975 et
506 3913 649 3978 trenorcio
679 3914 781 3979 animo
805 3913 967 3995 aperimus,
991 3910 1182 3975 nobilitatem
1205 3913 1290 3974 tuam
1314 3912 1501 3974 obtestantes

250 4028 286 4089 ut
308 4025 341 4090 in
363 4026 512 4109 optimam
542 4031 659 4110 partem
692 4031 770 4094 sieut
792 4047 847 4094 nos
871 4027 1001 4091 dicimus
1024 4026 1168 4109 accipiam
1199 4045 1260 4090 non
1289 4026 1380 4104 enim,
1404 4026 1502 4089 Deum

251 4141 409 4220 testamur,
440 4144 535 4208 alium
559 4145 651 4208 linem
682 4145 833 4209 cernimus
865 4145 1018 4207 tantarum
1051 4141 1269 4219 calamitatum,
1299 4160 1396 4225 neque
1418 4160 1502 4223 spem

251 4255 343 4319 aliam
368 4259 452 4340 pacis
476 4261 597 4324 lirmam
621 4261 652 4324 ot
675 4260 818 4324 stabilem
842 4257 1060 4341 cognoscimus,
1091 4258 1144 4340 qui
1168 4257 1285 4338 siquis
1309 4257 1404 4322 ubam
1427 4274 1499 4338 cog·

250 4374 390 4458 nosceret
412 4393 548 4440 essemus
573 4376 703 4441 libenter
726 4375 867 4454 audituri,
891 4371 944 4438 sed
967 4375 1070 4437 nostro
1088 4372 1199 4438 iudicio
1223 4373 1307 4440 nulla
1331 4371 1501 4458 reperietm.
