3192 4930
584 315 807 384 ...61-

95 515 243 581 00010000
265 531 427 598 possumus
450 513 482 578 et
503 513 664 578 reservatis
688 529 763 596 quas
792 511 891 576 adbuc
913 511 946 576 in
968 511 1118 594 potestate
1139 509 1321 586 retinemusr

94 650 146 696 cum
167 631 192 696 si
212 630 250 695 ad
265 630 322 694 has
345 627 532 694 conditiones
548 627 730 693 veniendum
745 629 834 704 esset,
857 645 993 693 essemus
1016 645 1072 692 nos
1094 627 1126 692 01
1140 626 1192 710 001
1214 627 1320 716 001010-

94 765 147 810 000
172 747 277 822 essent,
308 745 339 810 te
368 744 547 828 praesertim
578 743 739 808 adiuvante
771 743 802 808 et
831 741 960 820 favente,
983 743 1120 807 omnium
1151 742 1260 807 salutis
1290 743 1321 808 et

94 859 230 944 dignitatis
252 861 401 926 rationem
416 879 509 943 quam
531 859 635 924 liceret
650 858 792 923 habituri.
832 857 914 923 Haeo
937 857 1090 942 cogitatio,
1113 859 1148 922 01
1170 875 1225 923 000
1240 859 1320 923 recte

94 975 244 1052 iudicamus,
267 978 337 1040 tuae
360 975 407 1040 est
430 973 601 1039 nobilitatis
624 977 694 1040 1000
718 972 840 1038 virtutis
862 973 991 1056 propria,
1021 991 1082 1038 non
1104 973 1243 1057 persequi
1266 973 1316 1038 10-

94 1091 191 1156 initam
207 1111 292 1176 spem
314 1090 435 1174 plenam
451 1089 652 1173 periculorum
676 1089 877 1155 marimomm
900 1090 931 1154 et
947 1089 1041 1154 statui
1064 1089 1117 1154 100
1132 1087 1319 1154 immanibus

93 1205 179 1272 Turcis
199 1207 330 1272 finitimo
352 1205 409 1270 hac
432 1205 547 1270 ratione
570 1205 740 1270 consulere:
770 1222 863 1288 quam
886 1203 914 1268 si
936 1202 1099 1287 aliquando
1128 1201 1318 1269 concordiam

92 1322 268 1388 constitutam
297 1339 370 1404 0000
393 1322 424 1386 01
447 1320 642 1386 consensione
671 1319 907 1384 christianorum
937 1318 1109 1402 principum
1139 1317 1239 1383 ridere
1262 1337 1318 1401 po·

92 1437 225 1516 10011000,
242 1437 394 1520 huiusque
408 1435 536 1501 maximi
552 1434 590 1500 ab
606 1433 813 1518 omnipotente
828 1434 892 1500 Deo
909 1433 1046 1500 beneficii
1061 1433 1194 1499 fructum
1209 1435 1317 1517 gusta-

91 1551 211 1628 cadmus,
233 1551 336 1618 credat
350 1549 438 1618 nobis
454 1551 593 1616 volumus
615 1548 761 1615 nobilitas
784 1551 882 1615 tuate
905 1568 965 1615 non
981 1550 1068 1633 plura
1091 1549 1129 1614 ab
1145 1567 1179 1615 ao
1194 1551 1319 1632 parente

90 1665 132 1747 qui
150 1663 302 1751 10000011
318 1684 411 1751 quam
433 1685 452 1732 0
467 1666 563 1744 nobis,
586 1665 639 1749 qui
653 1664 712 1732 tibi
733 1683 802 1731 vere
824 1665 858 1730 10
872 1665 936 1730 Deo
959 1683 1061 1731 amore
1078 1667 1180 1748 patres
1205 1684 1319 1744 sumus,

89 1781 182 1847 acoris
203 1783 360 1848 0100110110
383 1781 507 1865 01010110
537 1780 649 1846 indicia
672 1780 767 1846 fuisse
790 1781 1024 1864 orpectutumm.
1055 1781 1096 1846 iic
1118 1780 1232 1846 scimus
1255 1781 1319 1846 tore

87 1895 129 1976 qui
142 1897 211 1962 hanc
233 1897 382 1962 internos
398 1896 486 1962 nobis
502 1895 747 1979 acceptissimam
770 1895 1012 1960 coniunctionem
1027 1895 1209 1962 labefactare
1225 1913 1316 1961 0000-

89 2009 185 2077 buntur
206 2013 268 2078 0010
291 2009 427 2076 sinistris
452 2011 641 2076 sermonibus
665 2011 697 2075 in
720 2009 899 2077 deteriorem
922 2013 1041 2094 pardem
1063 2030 1131 2076 eam
1153 2010 1317 2078 trahentes.

88 2123 136 2190 Sed
156 2127 181 2192 si
202 2127 271 2212 quid
294 2128 327 2193 in
350 2127 439 2193 nobis
469 2125 549 2204 fidei
573 2126 600 2191 si
622 2125 696 2210 quid
717 2143 789 2210 erga
812 2126 911 2191 Deum
935 2125 1118 2192 reverentiae
1141 2129 1172 2191 et
1194 2126 1318 2210 pietatis

85 2245 130 2319 est,
151 2244 354 2326 promittimus
370 2240 525 2307 nobilitati
548 2243 618 2306 tuae
641 2241 672 2306 01
694 2241 872 2325 pollicemur
894 2259 949 2306 nos
973 2260 1027 2306 000
1049 2239 1226 2324 cupiditatis
1245 2259 1316 2324 pro-

85 2355 153 2436 priae
173 2359 232 2423 ullo
260 2358 405 2442 impulsu,
434 2375 489 2422 nec
511 2355 580 2421 odio
603 2357 656 2422 aut
679 2375 780 2422 amore
809 2355 1045 2422 extraordinario
1069 2355 1102 2421 in
1125 2375 1317 2442 quemquam,

85 2469 127 2533 sed
148 2472 208 2538 0010
222 2473 338 2538 ratione
361 2475 393 2537 et
407 2470 556 2537 desiderio
577 2473 661 2556 pacis
685 2489 720 2536 00
735 2471 978 2556 tranquillitatis,
1002 2471 1182 2537 necessitate
1199 2489 1316 2555 quoque

84 2587 107 2646 ot
127 2585 293 2653 discrimine
316 2589 362 2652 tot
384 2587 585 2670 periculomm
602 2607 656 2652 nos
672 2587 806 2670 cogente,
822 2586 861 2650 ed
879 2587 952 2652 haec
969 2586 1095 2652 consilia
1111 2584 1317 2660 descendisse;

83 2717 201 2766 amorem
223 2721 292 2768 vero
321 2701 434 2768 101110
458 2704 628 2768 servaturos
651 2704 687 2767 01
708 2702 809 2768 omnis
831 2703 952 2785 postera
974 2703 1058 2768 aetas
1082 2701 1126 2767 rei
1149 2701 1317 2785 utriusque,

83 2815 108 2876 01
127 2815 304 2882 sinceritatis
327 2819 449 2884 nostrae
472 2819 503 2882 at
526 2835 663 2882 summae
686 2833 758 2899 erga
781 2818 811 2881 te
834 2815 1060 2883 benevolentiae
1083 2817 1175 2882 tidem
1198 2815 1317 2882 iactura

83 2927 122 2993 sit.
144 2929 225 2996 Siout
247 2951 316 2998 cum
332 2931 493 2998 nobilitate
515 2935 569 2996 tua
591 2931 684 2997 latius
708 2930 837 2997 dilectus
859 2931 942 2997 tilius
958 2931 1154 3008 Η1000010000Ι
1170 2931 1316 2998 Rorarius

81 3047 248 3112 camerarius
271 3049 373 3114 noster
396 3049 501 3113 nostro
524 3046 645 3113 nomine
668 3049 747 3130 aget,
771 3046 896 3112 0011110
919 3046 1010 3113 fidem
1034 3048 1168 3114 habebit.
1199 3048 1316 3114 Datum

82 3157 183 3226 Romae
205 3161 254 3228 die
278 3164 315 3229 vi
340 3161 481 3228 Januarii
504 3161 621 3228 mdrrv.
668 3162 756 3227 Anno
779 3161 916 3228 secundo.

666 3425 718 3490 44.

484 3587 664 3662 Episcopo
688 3587 905 3648 Tridentino.

157 3740 274 3808 Dilecto
297 3741 420 3806 1111010.
466 3741 599 3808 Litteras
622 3743 690 3807 tues
714 3761 789 3825 quas
813 3739 918 3808 attulit
941 3737 980 3807 ad
1003 3758 1057 3807 nos
1080 3739 1209 3809 dilectus
1232 3741 1315 3810 filius

81 3851 173 3921 Petrus
196 3856 401 3922 Salamancha
430 3855 536 3938 plenas
559 3855 652 3922 officii
682 3859 772 3940 atque
801 3857 1020 3939 observantiae,
1050 3858 1114 3941 1000
1138 3859 1232 3924 etiam
1255 3858 1319 3924 0010

81 3971 165 4036 corbis
180 3974 296 4057 optime
312 3972 491 4037 subsecutus
515 3974 569 4048 est,
593 3972 749 4056 multaque
772 3971 809 4037 de
824 3975 878 4037 100
902 3993 974 4057 erga
989 3992 1044 4044 000
1060 3975 1091 4038 01
1113 3973 1192 4038 hanc
1215 3971 1244 4038 S.
1262 3971 1318 4039 Se·

81 4079 138 4149 dem
159 4089 277 4153 rettulit
294 4085 457 4164 voluntate,
482 4106 557 4170 quae
580 4087 640 4151 etsi
662 4105 722 4152 non
744 4087 850 4170 ignota
866 4088 962 4166 nobis,
987 4107 1105 4171 semper
1119 4088 1201 4152 enim
1225 4087 1319 4152 talem

81 4215 141 4283 arga
161 4222 213 4270 nos
236 4203 376 4268 animum
400 4203 486 4268 inre
510 4203 594 4268 omni
616 4201 786 4280 ostendisti,
817 4204 920 4268 tamen
943 4203 1010 4286 1000
1033 4203 1319 4269 commemoratione

82 4319 309 4394 macrescere.
342 4314 545 4396 Quamobrem
567 4319 706 4383 nostrum
729 4320 776 4383 est
791 4319 822 4383 te
845 4317 962 4383 hortari
976 4320 1011 4383 ut
1033 4317 1066 4384 in
1081 4316 1185 4384 eodem
1202 4337 1320 4401 semper

82 4445 240 4510 00000000
263 4431 365 4499 officio
387 4432 600 4516 imprimisque
622 4451 676 4515 pro
699 4432 931 4518 perecutores,
955 4433 1040 4498 00100
1056 4450 1169 4520 magna
1184 4435 1319 4518 potestas
