3258 4904
721 295 963 366 ..456-

217 493 249 562 et
271 494 462 580 singulomm
491 492 582 561 tidem
606 493 637 561 et
659 484 871 561 testimonium
893 493 951 560 hec
979 492 1135 577 presentes
1164 491 1271 558 literas
1293 510 1347 577 per
1370 491 1469 559 inira·

218 610 366 697 scriptum
388 609 542 678 noenum
564 608 699 676 ciribtis
713 609 875 677 &vennae
897 607 1054 693 publicum
1077 627 1112 675 ac
1128 608 1259 675 scribam
1282 608 1316 676 in
1334 610 1470 694 presenti

216 745 308 794 cauea
330 727 509 812 deputatum
533 725 626 793 scribi
646 727 679 792 et
701 726 851 792 subscribi
874 743 909 790 ac
932 724 1029 810 sigilli
1052 723 1151 792 nostri
1172 724 1374 809 impressione
1397 745 1467 792 mu·

217 842 278 910 niri
300 842 514 910 mendavimus
536 843 568 908 et
588 841 745 908 iussimus.
790 842 906 908 Datum
928 842 960 907 et
981 842 1084 908 actum
1107 841 1269 908 &vennae
1297 841 1331 906 in
1354 841 1470 925 palatio

218 959 380 1026 &vennae
403 959 436 1026 in
458 958 523 1024 loco
538 958 642 1024 nostro
665 956 809 1042 deputato
825 957 874 1023 die
889 957 1040 1041 vigesima
1061 957 1176 1023 mensis
1191 957 1327 1042 Augusti
1350 955 1470 1024 mdxxx

217 1075 277 1140 Pro
299 1072 320 1154 †
343 1073 454 1158 sigillo.
499 1073 633 1140 Joennes
655 1073 835 1140 ltencisous
857 1073 1027 1140 Benincssa
1049 1073 1186 1140 notanus
1201 1074 1365 1139 Ravennae
1387 1091 1424 1138 ac
1440 1073 1472 1138 in

216 1190 350 1274 presenti
372 1209 463 1256 causa
484 1188 646 1273 deputatus
669 1189 813 1256 mandato
835 1190 890 1255 etc.
1616 1270 1617 1296 χ

306 1305 432 1372 Eisdem
459 1323 538 1371 anno
567 1303 732 1372 indictione
760 1307 895 1389 ternpore
925 1304 1110 1390 pontificatu,
1139 1306 1172 1371 et
1200 1305 1249 1373 die
1271 1305 1330 1372 xxi
1353 1305 1473 1372 mensis
1617 1376 1618 1402 χ

217 1419 359 1506 Augusti
1618 1480 1619 1504 ,

307 1537 427 1604 Retulit
441 1535 520 1603 mibi
534 1535 652 1605 notario
667 1537 860 1622 infrascripto
876 1536 1019 1604 existenti
1033 1537 1067 1604 in
1080 1538 1146 1604 loco
1161 1537 1196 1603 ut
1211 1556 1303 1622 supra
1325 1536 1472 1621 deputato
1619 1584 1620 1604 ι

219 1654 247 1720 d.
263 1653 443 1721 Dominicus
458 1652 637 1720 Bacinettus
660 1653 787 1719 clericus
801 1652 1044 1721 Ravennatonsis
1066 1672 1143 1720 unus
1166 1673 1201 1719 ex
1224 1654 1364 1720 scematis
1386 1653 1471 1720 eins-

219 1769 288 1836 dem
313 1771 435 1836 sanotae
458 1768 701 1836 Ravennatensis
731 1769 877 1836 ecclesiae
899 1788 932 1835 so
953 1769 1011 1836 hoc
1032 1769 1167 1854 presenti
1188 1769 1238 1836 die
1260 1768 1297 1836 de
1320 1789 1411 1836 mane
1435 1769 1473 1836 de

217 1885 363 1953 mandato
385 1885 514 1971 predicti
542 1883 699 1970 magnifici
721 1883 750 1949 d
780 1884 941 1968 potestatis
964 1885 996 1951 et
1023 1885 1243 1952 commissoriis
1272 1885 1409 1952 affixisse
1432 1885 1473 1951 sd

216 2002 321 2066 valvas
344 2000 487 2069 ecclesiae
509 1999 694 2066 cathedralis
715 1998 877 2066 &vennae
906 2000 1083 2067 citationem
1105 2002 1137 2067 et
1158 2000 1291 2067 edictum
1320 2003 1356 2066 nt
1379 2019 1475 2085 snpra

218 2116 416 2183 commissum
447 2118 479 2182 et
507 2115 684 2182 emanatum
706 2134 760 2200 per
787 2115 939 2200 prefnunn
961 2116 990 2182 d.
1013 2117 1196 2200 potestatem
1226 2117 1258 2182 et
1280 2117 1474 2183 executurum

219 2233 275 2298 etc.
291 2231 322 2298 et
343 2231 388 2297 ibi
410 2231 536 2297 affixum
558 2229 714 2296 dimisisse
736 2232 768 2296 et
781 2230 942 2315 reliquisse
964 2232 996 2297 et
1009 2231 1117 2298 sociem
1132 2251 1168 2298 ac
1190 2233 1349 2299 executum
1372 2231 1473 2299 fuisse

218 2347 309 2432 prout
331 2347 362 2413 et
384 2345 463 2412 sicut
485 2345 593 2411 habuit
615 2347 649 2412 in
670 2345 833 2427 mandatis,
855 2348 887 2412 et
901 2346 959 2414 boo
981 2347 1020 2413 ad
1034 2347 1216 2414 instantiam
1239 2349 1270 2414 et
1288 2347 1474 2432 petitionem

218 2461 366 2547 praedicti
388 2482 412 2528 r.
435 2459 553 2528 domini
573 2460 704 2528 Joannis
726 2461 811 2528 Petri
833 2463 963 2529 Ferretti
989 2465 1193 2546 procuratoris
1215 2463 1362 2530 antedicti
1386 2465 1475 2530 omni

219 2577 339 2645 meliori
361 2575 459 2644 modo.

307 2695 387 2760 Item
402 2694 434 2760 et
448 2692 530 2759 dicta
545 2693 594 2760 dio
609 2695 641 2760 et
654 2694 720 2760 looo
743 2691 886 2760 dominus
900 2694 1107 2761 Bemardinus
1122 2693 1317 2762 Maroncinns
1341 2695 1474 2764 denaus

219 2809 461 2877 Ravennatensis
481 2828 560 2875 unus
575 2828 611 2876 ex
627 2807 763 2876 sacristis
785 2808 885 2876 dictm
907 2809 1050 2878 eeclesiae
1072 2810 1256 2878 cathedralis
1270 2811 1378 2878 retulit
1393 2812 1475 2878 mibi

218 2926 336 2991 notario
358 2923 551 3009 infrascripto
574 2942 606 2992 se
628 2925 685 2991 hoo
707 2943 797 2991 mane
819 2924 953 2992 affixisse
975 2927 1006 2992 et
1029 2925 1153 2992 affixum
1176 2926 1333 2994 dimisisse
1355 2927 1395 2992 ed
1417 2947 1472 2996 co-

218 3040 340 3106 lumnas
362 3017 471 3124 palatii
493 3040 664 3106 communis
686 3041 849 3106 Ravennae
877 3040 932 3106 ubi
953 3041 1030 3107 talia
1052 3042 1118 3110 lieri
1141 3043 1249 3122 solent
1279 3043 1416 3110 edictum
1438 3045 1474 3111 et

217 3155 394 3224 citationem
423 3157 458 3221 ut
488 3173 579 3239 snpra
606 3154 806 3222 commissum
835 3157 867 3222 et
895 3157 1071 3224 emanatum
1100 3159 1205 3224 contra
1232 3158 1350 3224 dictum
1373 3159 1473 3228 illd

217 3270 411 3357 Alpbonsum
439 3271 601 3338 Estensem
623 3273 654 3337 et
683 3269 795 3338 dixisse
818 3270 933 3352 fecisse,
963 3275 995 3339 et
1016 3275 1114 3358 prout
1143 3274 1276 3340 etaient
1305 3274 1416 3341 hebuit
1438 3275 1475 3342 in

217 3388 382 3468 mandatis,
411 3388 442 3454 et
463 3388 521 3454 hoc
542 3386 581 3452 ad
610 3387 793 3454 instantiam
815 3388 847 3454 et
869 3387 1047 3472 petitionem
1074 3389 1185 3474 prefati
1207 3409 1230 3455 r.
1254 3389 1316 3455 dni
1339 3389 1474 3458 Joannis

218 3502 302 3570 Petri
324 3503 454 3570 Ferretti
475 3502 676 3589 procuratoris
699 3501 846 3571 antedicti
867 3505 899 3570 et
920 3504 976 3570 beo
998 3505 1083 3572 omni
1105 3504 1225 3572 meliori
1246 3505 1346 3572 modo.

308 3616 367 3698 Qui
390 3617 571 3704 magnificus
593 3617 622 3684 d
644 3619 788 3703 potestas,
811 3619 843 3685 et
857 3619 1084 3687 commissarius
1107 3621 1225 3706 prefata
1246 3620 1375 3688 admisit
1398 3623 1426 3688 si
1441 3625 1475 3690 et

217 3732 251 3800 in
273 3735 430 3819 quantum.
461 3733 519 3801 Die
540 3734 650 3802 mertis
672 3733 753 3800 xxiii
769 3733 902 3820 Augusti
925 3735 1035 3802 mdxxx
1056 3736 1094 3803 de
1109 3755 1199 3804 mane
1221 3737 1296 3802 bora
1314 3735 1471 3821 deputata

307 3963 484 4050 Comparuit
511 3984 613 4033 coram
635 3965 798 4052 magnifico
828 3966 951 4035 domino
974 3968 1155 4036 Baldeseare
1178 3967 1215 4036 de
1236 3969 1410 4035 Berturolis
1434 3969 1473 4036 de

217 4079 332 4148 Cesena
354 4081 489 4149 ciuitatis
511 4083 673 4150 &vennae
702 4083 854 4168 potestate
876 4082 1024 4150 existente
1045 4083 1079 4149 in
1101 4083 1228 4151 ecelesia
1249 4084 1416 4152 Ravennae
1437 4085 1472 4152 in

216 4197 282 4264 loco
304 4197 340 4262 ut
362 4216 454 4283 supra
469 4197 612 4282 deputato
636 4218 658 4264 r.
674 4197 707 4264 in
730 4195 852 4264 Christo
874 4201 961 4283 pater
982 4198 1011 4265 d.
1026 4199 1160 4267 Joannes
1184 4201 1294 4268 Petrus
1311 4201 1471 4268 Fenettm

217 4329 275 4394 quo
298 4331 390 4396 supra
411 4313 533 4381 nomine
555 4315 586 4379 et
608 4313 750 4397 produxit
772 4331 808 4379 ac
822 4314 996 4398 reproduxit
1018 4315 1131 4381 iterum
1153 4317 1185 4382 et
1206 4315 1304 4382 denuo
1326 4316 1472 4384 literasa

218 4425 425 4492 sacratissimo
448 4426 570 4492 domino
593 4426 716 4494 domino
739 4425 845 4495 Carolo
861 4428 967 4514 quinto
988 4429 1170 4515 imperatore
1194 4450 1220 4496 ι.
1236 4429 1313 4497 Maii
1336 4431 1470 4500 merus
