3192 4930
776 273 998 338 ..20-

261 467 406 534 vissimae
427 466 597 550 impietatis
620 466 711 532 malis
734 466 798 532 Deo
822 467 973 532 annuente
996 466 1133 532 liberare.
1179 467 1296 534 Datum
1318 469 1435 536 Romae
1455 469 1501 534 otc

262 581 324 648 Sub
347 584 459 650 annulo
482 584 586 649 nostro
601 583 776 649 Piscatoris.
814 583 872 649 Dia
895 582 946 647 rvi
963 580 1037 666 Maij
1062 583 1201 648 mdsniiii
1215 583 1304 650 Anno
1327 585 1434 668 primo.
1442 583 1463 670 ¹)

866 833 916 900 16.

349 999 514 1066 Carissimo
535 997 623 1084 etc.²)
669 999 733 1067 Ubi
746 999 953 1066 intelleximus
976 1018 1011 1064 or
1035 999 1145 1066 dilecto
1167 999 1232 1065 filio
1253 999 1406 1068 Micbaola
1429 1000 1504 1068 Sibe

259 1118 376 1182 oratore
407 1115 488 1199 apud
516 1134 571 1181 nos
593 1117 646 1181 tuo
670 1116 865 1182 serenitatem
894 1117 980 1180 tuam
1010 1115 1124 1181 vrecm
1153 1117 1352 1197 siccariam,
1380 1119 1418 1184 ut
1445 1117 1505 1202 ipsa

261 1231 480 1316 praesefert
512 1231 597 1296 vitiis
627 1231 801 1297 enormibus
831 1232 862 1297 et
891 1231 1064 1297 excessibus
1087 1231 1304 1315 opiscoporum,
1336 1252 1372 1299 ox
1396 1234 1503 1300 duobus

260 1346 390 1412 alterum
413 1347 447 1411 in
469 1363 618 1412 carcerem
648 1346 869 1413 conficiendum
891 1365 1021 1426 curasse,
1051 1347 1182 1413 alterum
1205 1366 1330 1431 agressu
1352 1349 1504 1417 cuiusdam

260 1461 321 1527 loci
342 1461 375 1527 in
397 1479 456 1544 quo
478 1461 556 1526 forte
585 1461 659 1526 tunc
683 1480 714 1526 se
737 1462 913 1528 continebat
941 1462 1142 1545 prohibuisse,
1172 1462 1325 1546 duplicem
1353 1463 1388 1531 in
1411 1464 1505 1532 animo
1587 1477 1589 1530 ὲ

259 1579 363 1643 nostro
386 1576 557 1659 accepimus
579 1575 728 1643 dolorem:
751 1595 824 1642 nam
847 1578 878 1642 et
899 1577 1036 1661 ipsorum
1051 1577 1269 1661 episcoporum,
1292 1598 1369 1663 quos
1390 1579 1425 1645 in
1445 1579 1503 1646 ra-
1588 1625 1589 1664 p

260 1695 344 1758 tmm
366 1709 492 1758 numero
511 1692 542 1756 at
564 1710 667 1756 amore
682 1691 793 1757 babere
817 1691 901 1757 soliti
917 1711 1031 1770 sumus,
1049 1711 1142 1776 mave
1164 1693 1279 1759 crimen
1301 1713 1357 1760 nos
1375 1713 1504 1760 commo·

260 1809 358 1886 vebat,
391 1807 418 1872 si
441 1808 545 1872 tamen
574 1825 645 1872 vora
674 1808 747 1873 sunt
775 1825 852 1891 quae
876 1806 914 1873 de
941 1806 1006 1872 illis
1037 1806 1222 1888 deteruntur,
1253 1809 1285 1874 et
1313 1809 1457 1895 quicquid
1477 1807 1505 1874 id
1588 1825 1589 1874 ῑ

259 1923 351 1990 bresit
373 1925 478 1989 tamon
501 1921 696 1987 serenitatem
719 1923 813 2000 tuam,
829 1923 929 1988 ortam
952 1923 1101 2006 sanguine
1123 1922 1382 1991 christianissimo
1404 1925 1439 1991 in
1453 1942 1505 2008 quo

258 2057 319 2105 non
341 2037 442 2123 magis
464 2057 600 2123 unquam
623 2036 747 2102 claritas
770 2038 801 2102 at
822 2037 943 2121 generis
974 2037 1119 2104 nobilitas
1142 2056 1235 2123 quam
1258 2057 1332 2124 erga
1355 2058 1506 2106 summum

258 2155 358 2220 Deum
379 2154 477 2237 pietas
500 2155 531 2218 et
552 2153 586 2218 in
609 2151 793 2218 sacerdotale
815 2171 926 2219 nomen
948 2153 1145 2220 observantia
1161 2155 1375 2222 commendata
1397 2157 1454 2236 est
1475 2173 1505 2220 eo

255 2270 430 2354 prolapsam
452 2286 519 2333 osse
534 2268 569 2331 ut
591 2286 666 2332 ausa
682 2268 724 2333 sit
744 2268 914 2334 insacrum
937 2269 968 2334 et
984 2287 1141 2335 summurn
1159 2269 1306 2336 honorem
1321 2271 1507 2356 gradumque

256 2384 455 2469 temporalem
478 2382 661 2466 potestatem
676 2383 851 2458 extendam
875 2402 943 2450 vera
958 2383 1048 2452 nobis
1063 2384 1110 2449 fili
1132 2383 1291 2451 carissime
1308 2385 1403 2452 nimis
1418 2405 1506 2472 grave

256 2502 288 2565 et
310 2499 420 2564 durum
449 2497 616 2578 videbatur,
648 2500 739 2582 atquo
761 2518 796 2565 eo
824 2498 950 2583 gravius
981 2500 1166 2583 quominus
1195 2501 1251 2566 abs
1273 2501 1306 2567 to
1333 2501 1435 2568 fuerat
1456 2521 1506 2568 ar·
1587 2559 1588 2566 ,

254 2615 417 2698 pectatm
445 2614 546 2698 Igitur
566 2614 600 2679 in
622 2633 656 2678 eo
679 2615 765 2679 motu
787 2613 885 2679 animi
906 2614 1012 2692 nostri,
1035 2633 1106 2680 cum
1120 2634 1155 2681 er
1178 2616 1276 2681 altera
1297 2619 1385 2701 parte
1400 2636 1507 2682 causae

255 2730 376 2795 namtas
400 2729 494 2794 simul
515 2729 547 2794 ot
568 2729 705 2812 gravitas
728 2747 784 2794 nos
807 2747 826 2793 a
849 2727 998 2794 facilitate
1020 2729 1126 2796 veniae
1148 2730 1339 2810 absterreret,
1362 2733 1509 2798 exaltare

255 2847 309 2910 tua
331 2846 363 2910 ot
383 2845 506 2910 tuorum
528 2845 673 2927 perpetua
695 2843 792 2909 virtus
816 2845 847 2909 et
868 2843 902 2909 in
924 2843 1004 2910 banc
1027 2845 1166 2916 sanctam
1189 2844 1293 2912 sedem
1315 2847 1510 2914 observantia

253 2978 309 3027 nos
331 2959 370 3026 ad
393 2977 516 3024 omnem
538 2958 733 3025 clementiam
755 2959 908 3039 invitaret,
931 2961 967 3025 ut
987 2959 1047 3026 tibi
1068 2959 1118 3043 pio
1140 2960 1171 3025 et
1185 2960 1363 3028 humaniter
1383 2963 1510 3048 roganti

253 3075 476 3141 absolutionem
506 3074 760 3158 gravissimarum
789 3074 823 3139 in
852 3092 927 3158 quas
950 3073 1109 3140 incmristi
1141 3094 1338 3143 censurarum
1360 3079 1508 3146 concede-

253 3209 370 3256 remus:
393 3208 428 3255 oo
450 3190 561 3254 iustius
577 3190 610 3254 in
632 3190 711 3255 benc
732 3191 852 3274 partem
867 3191 902 3255 ut
916 3189 975 3256 tibi
991 3209 1127 3256 essemus
1149 3191 1279 3276 propitii·
1290 3192 1510 3260 inclinavimus

252 3305 333 3391 quod
354 3302 615 3371 consideravimus
630 3305 669 3382 ta,
691 3305 725 3370 in
747 3307 846 3371 aetate
869 3304 968 3371 adbuc
990 3305 1082 3372 viridi
1103 3307 1251 3391 tanquam
1272 3307 1383 3375 barum
1404 3328 1510 3376 rarum
1586 3311 1587 3330 ¹

254 3421 388 3488 nondum
411 3420 501 3505 plano
522 3420 664 3503 porrum,
687 3439 747 3486 non
770 3421 836 3486 tarn
851 3421 905 3486 tua
928 3422 1036 3505 sponte
1057 3440 1151 3505 quam
1166 3421 1320 3488 seniorum
1342 3425 1374 3488 at
1388 3423 1509 3490 doctio-

253 3557 322 3602 mm
344 3536 470 3602 consilio
492 3535 526 3602 in
548 3535 626 3600 banc
648 3535 771 3620 culpam
792 3537 824 3601 ot
846 3536 961 3602 crimen
976 3535 1135 3602 incidisse:
1158 3536 1211 3622 qui
1234 3537 1262 3602 si
1278 3537 1355 3604 satis
1377 3537 1437 3606 fida
1454 3543 1511 3607 aut

253 3653 390 3719 decerna
413 3651 582 3717 valuissent
603 3669 664 3717 non
679 3651 811 3717 fuissent
834 3671 887 3717 suo
903 3653 1065 3737 rogitanti
1082 3651 1225 3718 facinoris
1241 3654 1387 3734 auctores,
1409 3675 1511 3741 neque

251 3768 336 3833 illius
361 3766 645 3850 splendidissimum
667 3785 778 3833 nomen
801 3767 859 3832 hac
882 3767 978 3833 veluti
1000 3769 1070 3834 labe
1092 3766 1245 3834 infuscare
1267 3769 1511 3852 contendissent

251 3882 332 3968 apud
355 3902 429 3967 quos
452 3883 535 3947 certa
558 3901 613 3948 sua
635 3881 806 3948 remanebit
829 3880 993 3966 iniquitas:
1015 3883 1191 3968 maioraque
1214 3883 1304 3969 amna
1326 3884 1512 3954 indicabunt
1585 3959 1586 3962 ,

346 4111 363 4174 Ι)
380 4117 407 4164 ln
422 4116 520 4176 exempl.
536 4116 620 4166 nldmc
631 4114 710 4174 eliqua
721 4117 804 4164 addite
817 4118 882 4164 aaut
900 4115 935 4164 Gt.
953 4130 1004 4166 mco
1018 4113 1182 4165 Memmia
1194 4112 1349 4167 Mem
1367 4118 1423 4168 Dec.
1447 4121 1511 4170 15¹1.

253 4216 303 4265 ror.
326 4215 386 4266 850·

342 4309 362 4370 ¹)
382 4313 454 4362 Deest
464 4325 549 4362 noman
566 4313 631 4362 illiue
642 4312 672 4361 sd
684 4323 753 4370 quem
765 4313 866 4372 scriptos
877 4313 935 4361 scat
946 4313 1048 4361 litterae.
1069 4314 1179 4362 Attamen
1197 4315 1286 4362 cartam
1298 4315 1336 4362 est
1347 4325 1388 4362 ece
1399 4316 1511 4376 scriptas

252 4422 303 4458 ceso
321 4411 352 4458 ad
368 4423 446 4466 mem
465 4409 629 4469 Por-tutandae,
648 4409 714 4457 euius
732 4411 785 4456 orat
803 4411 883 4457 orator
900 4407 999 4458 ldicbaal
1018 4409 1096 4466 Sylva.
