3128 4908
554 299 797 368 -nle-

59 491 150 562 diosus
164 493 280 574 existit,
295 495 436 580 quietiori
450 495 553 564 auimo
569 493 733 576 Ferrarius,
748 512 841 581 quam
850 493 988 562 Veronae
1002 513 1178 581 permanere
1193 494 1300 582 possit

60 609 162 677 Verum
185 630 256 678 eum
271 611 416 680 nobilitas
431 613 485 680 tue
507 629 561 696 pro
577 610 668 678 solitu
691 611 724 678 in
746 608 961 696 tepruieutia,
983 611 1015 677 et
1030 609 1298 696 oiroumspeetioue

59 725 142 794 semri
156 745 272 812 posses,
295 746 334 795 ne
348 728 522 814 mentius
538 726 628 796 bellis
651 727 731 794 iuter
744 725 934 812 praedictum
956 745 1060 814 regem
1075 723 1298 793 christianissi-

58 859 141 920 mum,
163 844 195 909 et
210 841 405 911 Maiestatem
420 841 607 924 Caesaream,
630 842 680 910 eui
694 842 880 912 Venetorum
903 841 1073 909 dominium
1088 841 1206 912 loedere
1224 859 1298 908 eou-

58 959 184 1026 iuuetum
207 961 263 1038 est,
291 959 394 1045 aliqua
422 959 640 1028 offensiuncula
668 959 701 1026 iu
724 977 760 1026 ea
782 978 815 1026 re
837 958 901 1026 sive
925 956 1055 1038 Caesari,
1085 958 1150 1025 sive
1171 955 1298 1024 Venetis

57 1073 146 1152 ieret;
169 1095 224 1142 noe
240 1076 293 1160 qui
306 1077 478 1161 praefatum
492 1075 679 1144 Ludovioum
693 1075 868 1160 episeopum
889 1075 949 1142 fide
970 1076 1001 1142 et
1015 1074 1193 1160 integritate
1207 1091 1296 1158 prae-

57 1192 179 1257 stantem
202 1191 362 1277 praecipue
376 1192 544 1278 diligimus,
567 1195 599 1260 et
614 1191 651 1260 de
666 1210 700 1258 eo
721 1192 810 1277 plene
824 1190 1014 1270 confidimus,
1037 1191 1077 1257 ad
1099 1193 1185 1257 tuam
1207 1190 1296 1257 uobi-

57 1306 167 1374 litatem
197 1308 390 1375 scribendum
420 1308 562 1376 duximus
594 1309 753 1376 hortantes
782 1327 817 1374 aa
840 1307 974 1374 studiose
996 1307 1192 1392 requirentes,
1221 1305 1298 1374 velie

57 1419 162 1489 dietum
177 1422 362 1490 Ludovioum
385 1425 559 1510 episcopum
574 1424 689 1510 absque
711 1423 775 1491 ullo
790 1425 927 1510 respectu
950 1424 982 1490 iu
998 1423 1153 1510 praedicta
1173 1422 1297 1488 ciuitate

57 1537 200 1604 tenatiae
221 1539 352 1606 libenter
366 1541 505 1624 recipere,
528 1542 559 1606 at
574 1539 697 1606 demum
721 1540 896 1624 permittere
912 1538 1041 1607 eundem
1056 1539 1179 1618 ibidem,
1202 1538 1296 1606 donee

56 1650 107 1718 sili
128 1653 228 1722 visum
250 1655 351 1734 suerit,
379 1656 474 1724 libere
503 1675 687 1740 permanere.
732 1657 769 1723 In
792 1674 938 1741 quorem
966 1656 1054 1724 uobis
1083 1654 1295 1741 gratissimam

55 1766 145 1836 fantes
189 1769 307 1837 Datum
329 1771 444 1840 Romae
466 1772 515 1839 die
536 1772 606 1840 xxii.
629 1771 736 1839 Martii
757 1771 887 1840 mlxxiv.
933 1771 1022 1840 Auno
1044 1771 1152 1858 primo.

134 1882 250 1965 Simile,
272 1887 401 1954 mutatis
423 1886 589 1967 mutandis,
611 1887 682 1954 duni
704 1887 815 1956 Urbini
836 1905 890 1973 pro
912 1887 1037 1956 ciuitate
1058 1885 1178 1956 Urbini.

133 2000 226 2068 eliud
248 2000 423 2086 expeditum
445 2003 478 2070 in
500 2001 562 2070 alia
583 2002 689 2070 forma

633 2265 707 2331 210.

370 2427 534 2488 Clemens
557 2429 630 2490 vn.
652 2427 741 2488 Ducl
765 2429 966 2490 Mediolani.

437 2537 894 2624 fflssmmfflfflt

520 2652 563 2740 (l.
579 2651 695 2738 Aprilis
713 2651 822 2740 1524).

134 2813 248 2879 Dilecto
272 2813 327 2890 titi,
357 2814 489 2880 salutem
511 2815 567 2880 ete.
612 2814 698 2880 Lioet
727 2813 920 2882 nobilitatem
950 2816 1036 2880 tram
1059 2833 1112 2898 pro
1135 2813 1200 2881 eius
1224 2812 1290 2880 siu·

55 2926 143 3006 guluri
163 2947 236 3014 erga
264 2928 480 2994 ehansmmum
503 2929 537 2996 iu
560 2927 681 2996 Christo
711 2930 810 2996 lilium
832 2929 999 2997 Henrioum
1027 2929 1159 3016 Angliae
1188 2947 1291 3016 wem

55 3039 191 3110 illustrem
214 3042 316 3110 studio
345 3045 377 3110 et
405 3044 599 3112 observantia
626 3064 686 3111 non
709 3044 892 3124 dubitemus,
924 3065 993 3112 eum
1016 3044 1163 3130 Anglieos
1185 3062 1291 3112 omnes

56 3153 140 3223 diotae
161 3157 334 3226 Maiestatis
358 3157 504 3238 subditos,
533 3161 598 3226 tum
628 3161 786 3245 praecipue
815 3178 876 3238 eos,
905 3161 958 3246 qui
980 3159 1140 3227 nobilitate
1169 3157 1291 3244 generis

56 3273 82 3334 et
101 3273 206 3340 virtute
226 3273 324 3340 animi
338 3275 597 3355 commendantur,
619 3276 708 3361 quive
731 3276 829 3344 eidem
845 3275 1002 3342 Maiestati
1025 3274 1140 3360 aooepti
1163 3276 1194 3342 et
1217 3291 1289 3360 pro·

58 3383 119 3464 bat,
132 3407 230 3456 amore
245 3389 355 3456 intimo
371 3391 603 3475 complexeram,
626 3395 657 3458 et
671 3391 704 3458 iu
720 3409 790 3459 suos
812 3392 942 3460 libenter
956 3393 1163 3478 euoepturum;
1185 3392 1290 3458 tamen

58 3501 174 3583 cupienti
194 3505 305 3572 dilecto
328 3505 392 3572 lilio
414 3504 528 3574 Joauni
546 3507 662 3574 Emsou
683 3507 780 3574 nobili
793 3507 933 3593 Anglioo,
956 3511 987 3574 ot
1009 3507 1108 3574 eidem
1122 3503 1289 3586 Maiestati,

59 3617 88 3678 ut
105 3621 249 3686 oratorum
273 3619 338 3686 eius
361 3619 441 3704 apud
464 3641 519 3688 nos
549 3622 745 3690 attestatione
776 3623 956 3708 aooepimus,
986 3641 1055 3691 oaro
1084 3621 1197 3690 etfido
1225 3618 1289 3688 tuis

59 3731 173 3800 enirn
182 3735 333 3815 insistere,
348 3734 529 3821 fidelemque
545 3737 603 3803 tibi
618 3755 741 3822 oporam
757 3756 875 3818 navare,
891 3738 1021 3806 libenter
1030 3737 1288 3816 nostraslitteras,

59 3849 200 3918 eorundem
227 3852 382 3918 oratorum
404 3854 522 3936 rogatu,
551 3851 627 3918 dieti
648 3852 778 3920 loannis
807 3852 955 3922 desiderio
985 3850 1288 3930 aooommorlavimus,

60 3977 108 4027 nou
126 3965 244 4049 quidem
267 3965 462 4046 neeessarias,
484 3969 520 4033 ut
541 3967 734 4046 arbitramur,
758 3967 811 4036 sed
833 3970 869 4035 ut
891 3970 971 4054 quod
993 3971 1023 4035 te
1045 3968 1147 4053 ipsum
1169 3969 1200 4034 et
1222 3965 1285 4032 rir-

61 4077 109 4142 tuti
127 4099 159 4146 ao
179 4081 284 4168 generi
305 4082 405 4160 huius,
429 4084 461 4150 at
483 4081 531 4148 sui
546 4083 628 4168 regis
651 4083 757 4150 honori
772 4083 915 4152 daturum
931 4085 1110 4162 sciebamus,
1133 4100 1167 4150 oo
1185 4081 1285 4148 libeu-

60 4189 110 4258 tius
122 4194 177 4276 doe,
199 4217 295 4283 quum
313 4197 353 4264 ad
368 4198 415 4265 tot
430 4216 536 4266 causas
552 4198 647 4266 etiam
664 4201 788 4268 nostrae
802 4198 1084 4278 commendationis,
1106 4217 1199 4284 quam
1214 4215 1287 4266 saue

62 4307 175 4380 stutioas
195 4315 297 4382 meum
325 4311 563 4400 interponimus,
593 4313 712 4401 pondus
741 4313 872 4382 nomint
928 4313 1058 4380 Gratum
1087 4312 1220 4399 protento
1255 4313 1287 4380 et

62 4422 132 4494 roo
150 4425 312 4498 ineundum
333 4427 470 4496 habituri
493 4449 608 4512 sumus,
632 4429 667 4512 si,
690 4431 725 4497 ut
740 4448 906 4518 speramus,
928 4428 1020 4498 huius
1043 4447 1117 4518 erga
1137 4430 1169 4500 te
1191 4427 1283 4500 lovo-
