3192 4930
95 447 227 541 iampridem
248 457 337 525 nobis
360 455 530 523 desiderate
553 455 603 534 sit,
632 454 663 521 et
686 452 848 539 quominus
871 451 911 517 ed
932 469 1001 520 eom
1025 451 1133 522 stetim
1155 453 1294 522 bachu-

95 571 138 638 dn
155 574 369 652 devenerimus,
398 573 448 638 his
478 572 573 638 totius
602 569 838 636 christianitatis
872 570 1024 636 bellomm
1052 571 1084 636 et
1113 568 1298 636 seditionum

94 689 197 756 hendiis
219 689 368 756 fuerimus
390 687 540 772 impediti,
572 686 725 771 aperiente
748 684 832 751 uem
860 685 949 750 nobis
972 685 1046 766 Deo,
1075 705 1130 770 per
1151 685 1299 752 virtutem

93 805 111 867 et
128 806 218 872 bouem
247 807 383 872 mentem
410 805 540 870 istorum
570 800 754 869 Germaniae
781 801 959 885 Principum
988 803 1053 867 tem
1083 802 1298 886 temperalium

92 939 148 1002 qun
165 921 443 988 ecelesiasticorum
489 917 759 1001 circumspectioni
782 918 852 982 tuoe
874 916 991 983 dietum
1013 919 1196 984 conventum
1218 918 1314 984 cele·-

91 1033 166 1116 tundi,
194 1057 229 1104 ec
252 1036 465 1102 euomuitetem
494 1035 580 1100 illius
611 1032 754 1121 (decretis
762 1031 791 1120 l)
822 1032 985 1114 tribuendi,
1014 1033 1054 1100 ed
1083 1035 1299 1100 correctionem

89 1169 169 1218 noun
189 1153 219 1218 et
235 1152 482 1218 reformationem
504 1150 577 1216 cleri
593 1147 775 1216 Germaniae
790 1149 1022 1234 pertinentibus,
1045 1169 1081 1216 ec
1095 1149 1129 1218 in
1144 1169 1178 1216 eo
1193 1152 1299 1217 nostre

89 1265 129 1330 dee
148 1270 174 1334 et
201 1269 325 1335 nomine
354 1267 467 1333 honore
489 1266 595 1332 eodem
616 1264 780 1349 legationis
802 1264 1009 1348 praesidendi,
1039 1265 1176 1349 emplum
1197 1268 1300 1333 tenore

87 1385 253 1462 ducentium
275 1383 454 1448 fmultetem
470 1381 564 1447 simul
585 1381 777 1447 concedimus
800 1382 832 1446 et
846 1381 1044 1465 potestatem
1066 1381 1100 1447 in
1114 1383 1300 1448 contrarium
1378 1399 1383 1414 ·

86 1494 229 1566 ludentibus
252 1517 315 1564 non
343 1497 537 1565 obstantibus
568 1497 815 1581 quibuscumque.
861 1495 978 1561 Dudum
1000 1497 1116 1564 Romae
1138 1499 1194 1564 ete.
1240 1497 1298 1564 Die

85 1610 127 1676 did
141 1613 251 1699 Aprilis
274 1612 421 1680 mdxxiiii
466 1611 666 1678 Pontificatus
688 1612 794 1677 nostri
838 1610 928 1678 Anno
950 1612 1057 1696 primo.

633 1903 715 1992 rer)

47 2135 58 2155 ,
146 2073 288 2160 blegnem
310 2073 463 2141 ludham
485 2073 665 2158 occepimus,
692 2074 856 2156 postquem
881 2070 1090 2139 intelleximus
1113 2073 1145 2139 te
1173 2093 1303 2160 regnum

83 2183 186 2274 Aegypti
214 2192 245 2256 et
273 2189 340 2256 eius
370 2189 458 2274 regni
488 2187 735 2255 circumstantius
765 2206 800 2254 ee
833 2184 977 2254 Sulthuui
1007 2206 1118 2255 nomen
1147 2189 1186 2255 od
1215 2191 1302 2256 tuem

80 2303 234 2380 pessum
257 2306 288 2370 et
309 2305 474 2389 imperium
496 2304 701 2384 transtulisse,
723 2301 929 2387 eripuisseque
946 2302 1020 2382 illis,
1044 2304 1154 2388 quibus
1177 2307 1208 2372 et
1223 2305 1303 2372 nihil

81 2432 187 2502 uquam
202 2420 279 2485 setis
295 2421 351 2500 est
367 2421 397 2485 et
413 2419 513 2485 omnis
529 2437 653 2485 suorum
667 2418 779 2484 ducum
794 2437 829 2483 ac
844 2417 1056 2486 ministrorum
1071 2419 1170 2486 virtus
1186 2440 1305 2506 semper

78 2527 172 2599 iuleme
193 2555 259 2602 esse
282 2535 375 2600 solet:
405 2533 625 2620 monemusque
647 2535 781 2600 multum
802 2533 836 2602 in
858 2533 916 2600 hec
937 2553 970 2600 re
994 2533 1179 2619 sapientiem
1207 2537 1303 2618 tuem,

78 2647 151 2716 admi
171 2670 285 2735 quoque
309 2649 504 2716 altitudinem
526 2649 634 2733 magni
656 2648 794 2728 decimus,
816 2648 916 2734 quiite
937 2648 1118 2716 indicaveris
1141 2651 1180 2716 ed
1201 2651 1302 2736 impe·

77 2763 182 2831 undum
203 2785 295 2851 quem
317 2764 357 2831 ed
373 2764 564 2831 serviendum
587 2783 653 2830 esse
669 2763 848 2849 digniorem
878 2763 944 2830 Nos
959 2764 1032 2830 licet
1046 2765 1118 2831 fidei
1133 2768 1164 2833 et
1180 2768 1303 2834 sanctae

76 2877 209 2962 religionis
225 2881 345 2947 vinculo
361 2881 462 2946 tecum
471 2879 624 2946 coniuncti
635 2899 696 2946 non
712 2877 849 2965 simusfl)
866 2880 970 2944 tumen
986 2878 1069 2946 fame
1083 2881 1154 2946 duee
1163 2882 1304 2966 egregiae

75 2990 178 3060 durus
205 2995 329 3061 adducti
357 3013 451 3080 quem
479 2995 513 3061 in
534 2994 723 3061 Rhodiorum
746 2994 903 3060 obsidione
925 2995 1081 3079 cognitam
1112 2995 1178 3080 ipse
1201 2997 1304 3064 Rhodi

75 3108 202 3191 nagrsm
223 3111 262 3176 ad
283 3131 340 3178 nos
362 3111 482 3178 rediens
511 3110 646 3176 multum
668 3110 757 3175 uobis
786 3109 1019 3191 commendavit,
1049 3129 1111 3178 non
1138 3130 1302 3195 possumus

74 3219 168 3290 deuon
188 3225 314 3310 diligere
337 3227 369 3292 et
391 3225 450 3291 tibi
472 3225 575 3291 omniu
597 3243 740 3310 prospers
763 3227 881 3309 optare:
904 3225 1086 3310 praesertim
1109 3247 1179 3292 cum
1201 3228 1302 3294 omnis

73 3333 115 3400 tun
136 3340 305 3408 sublimatio
327 3341 416 3408 nobis
446 3343 477 3408 et
498 3341 666 3407 christiano
695 3340 813 3406 nomini
835 3341 922 3406 utilis
945 3343 976 3407 et
998 3341 1156 3408 commode
1180 3342 1236 3408 sit:
1268 3346 1303 3409 tu

71 3451 141 3518 euim
161 3455 255 3523 eidem
277 3457 361 3523 hosti
383 3457 480 3524 Turdo
503 3458 619 3524 bellum
641 3460 732 3542 etque
754 3456 934 3523 inimicities
956 3456 1104 3538 indixisti,
1134 3477 1225 3543 quem
1247 3477 1303 3525 nos

152 3695 169 3756 Ι)
185 3699 252 3748 Nullo
269 3701 327 3746 note
344 3697 406 3747 benc
423 3699 547 3759 epistolum
564 3699 693 3760 praeeedit:
713 3699 753 3748 sed
771 3699 834 3748 certe
852 3701 940 3762 scripte
957 3703 996 3747 est
1013 3699 1133 3749 hehemetd
1151 3702 1301 3758 gubernatori

72 3789 158 3852 Auenti
177 3795 271 3852 (timeo
283 3797 371 3858 pesclu)
390 3797 430 3854 qui
441 3809 503 3845 enne
520 3799 624 3858 proxime
640 3797 719 3856 clupeo
731 3795 830 3845 Sultuuc
848 3795 1002 3845 rebellaverat
1019 3809 1090 3856 teque
1101 3799 1228 3858 principem
1247 3799 1304 3847 llbe-

73 3898 113 3934 Μ
129 3891 510 3954 numerumnunerum,
523 3909 607 3943 nomen
621 3896 708 3944 submi
724 3907 848 3955 usurpent.
867 3893 911 3942 Hie
923 3895 971 3944 dere
983 3896 1065 3944 stetim
1079 3895 1183 3945 &meuc
1195 3895 1303 3945 Pontifici

71 3985 188 4049 rederent,
205 4005 279 4040 rerum
297 3997 406 4039 euentum
431 4005 474 4051 pro
491 3993 528 4040 eui
546 3994 618 4041 endunt
636 3993 704 4040 modo
722 3993 863 4051 significuus,
887 3995 913 4040 et
937 3993 1065 4040 intudem
1083 3995 1108 4042 et
1126 3993 1228 4042 tererem
1251 4007 1305 4054 pro·

72 4081 163 4142 mittem,
181 4088 233 4136 dum
244 4089 427 4138 christiuuerum
439 4089 566 4137 umlcdtiern
585 4093 667 4138 contre
685 4089 770 4138 Tomoe
787 4089 908 4150 percebot.
925 4090 1006 4138 uetur
1018 4089 1152 4146 &sudden
1169 4090 1200 4137 ud
1218 4103 1305 4139 cunum

73 4176 138 4240 1524,
155 4179 169 4238 l
186 4186 228 4234 re.

149 4303 269 4376 ¹)Repe.
305 4311 420 4368 ,vinculo
438 4313 515 4360 tecum
533 4306 605 4378 quod
620 4307 765 4378 aliquando
783 4308 897 4380 sedunus,
915 4324 976 4360 nuuc
998 4313 1116 4360 coniuncti
1134 4324 1181 4360 nen
1203 4314 1306 4362 eimuu‘.

73 4395 137 4448 iub*
152 4407 250 4464 moulon
267 4408 403 4459 mre
419 4422 530 4470 expretus
548 4411 574 4458 ln
591 4409 753 4470 euthogrepho
771 4409 876 4460 Sedcleti
894 4410 987 4458 omnium
1005 4409 1100 4460 desunt.

117 4506 212 4553 ῌιωιω
225 4513 331 4552 umen·
345 4513 393 4555 ru.
1124 4499 1146 4565 2
