3192 4930
598 323 819 387 ..ss-..-

96 539 139 582 uos
158 517 382 586 observantiam
405 517 600 584 coniunctam
622 517 690 601 pari
711 514 928 580 benivolentia:
953 533 1097 597 spemque
1120 533 1264 598 magnam
1280 533 1329 580 ce-

95 633 186 715 pimus,
209 637 249 712 te,
278 653 368 718 quem
392 634 476 698 Deus
505 631 698 715 omnipotens
720 630 855 696 doctrine
878 629 1066 694 ornamentis
1088 629 1242 712 insignem
1264 651 1331 696 esse

95 749 231 830 uoluisset,
261 767 315 832 pro
346 747 484 814 eiusdem
507 747 566 813 Dei
595 765 686 812 causa
716 765 802 812 arma
834 747 1036 829 sumpturum,
1066 765 1124 830 que
1153 748 1256 811 esseut
1278 749 1330 812 tuo

93 865 163 928 unte
183 864 317 948 ingenio,
340 865 372 928 et
386 863 415 929 ei
429 861 539 946 pietati
561 879 655 946 quam
670 861 821 945 profiteris
837 863 1048 926 consentanea.
1072 857 1122 925 Sic
1137 861 1221 926 enim
1236 861 1329 927 ctiam

92 978 123 1042 ad
141 999 191 1044 uos
214 979 324 1044 multis
339 998 374 1044 er
396 978 472 1044 locis
495 978 676 1042 afferebatur
690 976 750 1040 tibi
771 976 817 1040 ita
831 993 920 1059 agere
943 976 976 1040 in
998 976 1100 1042 animo
1116 995 1191 1054 csse,
1207 976 1329 1060 iamque

92 1097 251 1178 susceptum
274 1095 322 1160 vel
352 1095 455 1178 potius
477 1093 656 1160 institutum
678 1091 831 1175 quoddam
853 1110 937 1174 opus,
968 1111 1026 1175 quo
1048 1093 1216 1156 multorum
1238 1110 1330 1174 prave

92 1211 274 1276 nubentium
289 1210 441 1275 erroribus
457 1206 676 1293 patefaciendis
693 1208 763 1272 brae
779 1207 923 1272 scientiae
938 1207 1043 1272 lumen
1058 1207 1226 1272 accederet:
1250 1208 1329 1289 quod

91 1325 163 1390 nobis
184 1326 244 1390 fuit
266 1325 374 1391 auditu
396 1323 667 1398 iucundissimum
691 1323 797 1406 magni
819 1322 901 1387 enim
918 1341 1038 1404 semper
1059 1322 1186 1388 fecimus
1209 1323 1329 1387 litteras

89 1441 115 1504 et
133 1441 298 1508 doctrinam
322 1441 423 1505 mam:
445 1440 537 1524 inque
558 1439 617 1504 hac
640 1437 791 1503 sententia
814 1439 845 1502 et
860 1439 963 1503 nostm
986 1439 1112 1520 patemo
1130 1439 1232 1504 animo
1255 1457 1328 1524 erga

89 1555 121 1621 tc.
147 1557 208 1622 siae
236 1557 271 1622 in
292 1556 372 1622 hanc
404 1557 512 1622 urbem
534 1559 565 1620 te
596 1554 770 1631 contuleris,
801 1553 865 1619 sive
888 1553 1061 1618 constiteris
1093 1553 1168 1618 alibi
1198 1554 1327 1636 uspiam,

89 1671 244 1756 ubicunque
274 1674 355 1738 certe
377 1671 481 1750 fueris,
511 1690 567 1736 nos
597 1671 754 1754 intelliges
785 1689 908 1735 manere
938 1671 1122 1735 constantes.
1168 1670 1274 1753 ltaque
1296 1673 1328 1735 et

88 1787 155 1868 quod
170 1788 207 1854 ad
222 1789 253 1853 te
268 1789 307 1853 ab
323 1785 594 1852 obtrectationibus
610 1785 802 1851 liberandum
825 1786 945 1862 attinet
967 1783 1205 1868 interposuimus
1221 1786 1325 1850 aucto-

88 1902 198 1968 ritatem
226 1905 381 1969 noemam:
419 1904 451 1968 et
479 1902 623 1986 quoniam
660 1919 721 1968 non
751 1902 799 1968 est
826 1901 941 1980 nostri,
970 1919 1067 1984 neque
1095 1900 1201 1966 iudicii
1229 1919 1326 1984 neque

87 2017 180 2094 ammi,
202 2021 287 2083 tnam
310 2019 465 2096 virtutem,
488 2019 520 2082 et
542 2036 611 2082 eam
633 2035 726 2100 qnam
748 2017 781 2082 in
803 2033 859 2082 noa
883 2016 1074 2082 demonstras
1097 2015 1188 2080 huius
1210 2016 1327 2098 egregii

87 2130 235 2198 solaminis
266 2132 419 2198 dicatione
453 2134 604 2216 optimam
639 2133 829 2198 voluntatem
858 2131 1112 2198 irremuneratam
1145 2131 1323 2214 relinquere,

85 2247 283 2314 mendavimus
306 2249 417 2314 dilecto
439 2248 503 2313 lilio
525 2247 688 2314 Laurentio
711 2247 777 2314 uua
803 2247 832 2313 S.
848 2249 1030 2314 Anastasius
1052 2248 1227 2331 presbytero
1250 2265 1318 2311 car·

85 2359 171 2426 dinali
191 2361 364 2448 campagis,
393 2365 498 2429 nostro
520 2365 552 2429 ct
581 2363 764 2447 apostolicae
788 2361 875 2428 Sedis
907 2362 943 2428 de
973 2363 1069 2429 latere
1098 2363 1208 2446 legato,
1238 2363 1274 2426 ut
1294 2362 1323 2428 is

85 2475 138 2540 libi
157 2481 254 2546 nostro
277 2480 402 2544 nomine
425 2478 577 2564 quoddam
600 2479 816 2544 munusculum
840 2478 977 2556 deferret
1007 2497 1043 2543 ex
1067 2497 1124 2561 quo
1148 2496 1228 2542 nunc
1251 2477 1320 2560 qui·

85 2589 216 2670 demut
244 2593 439 2674 arbitramur,
470 2594 566 2678 quieti
595 2595 666 2659 tuae
695 2594 887 2678 aliquantum
917 2594 1100 2660 consuletur.
1153 2591 1222 2657 Mon
1252 2611 1322 2658 vero

86 2705 201 2774 honmta
221 2708 309 2776 nobis
339 2709 495 2775 occasiorm
517 2710 629 2789 oblata,
658 2710 833 2775 consuletur
861 2709 955 2774 etiam
978 2708 1132 2793 dignitati.
1178 2705 1265 2788 Quod
1286 2709 1322 2774 ut

86 2823 241 2906 promptius
264 2827 295 2890 et
318 2824 433 2890 maiore
456 2825 552 2890 etiam
573 2827 626 2890 tuo
648 2824 758 2893 memte
781 2825 879 2891 lacero
902 2825 1074 2902 debeamus,
1098 2826 1186 2889 tuum
1208 2824 1267 2889 erit
1288 2823 1321 2889 in

86 2935 137 3001 liei
156 2940 282 3022 gratiam
305 2957 341 3004 ac
356 2941 493 3006 nostram
509 2943 540 3005 et
555 2940 762 3006 levamentum
784 2939 897 3005 laboris
915 2940 1021 3019 nostri,
1044 2959 1094 3005 ecs
1118 2939 1171 3022 qui
1193 2957 1211 3004 a
1230 2958 1321 3004 sensu

85 3069 162 3117 verae
182 3054 303 3136 pietatis
326 3055 427 3121 aversi
449 3057 529 3134 sunt,
552 3055 709 3140 corrigere,
732 3055 891 3121 nobiscum
905 3073 974 3136 una,
998 3057 1029 3120 et
1044 3055 1175 3120 docendo
1197 3057 1229 3120 et
1251 3073 1319 3119 mo-

85 3167 173 3233 nendo
199 3172 229 3235 et
250 3170 418 3249 scabendo,
448 3171 483 3234 ul
505 3172 536 3236 et
558 3189 614 3236 nos
637 3171 842 3236 beniuolentia
871 3173 925 3236 tua
948 3173 979 3236 et
1001 3170 1169 3236 christiana
1191 3189 1240 3235 res
1263 3169 1318 3235 do·

86 3283 174 3348 ctrina
194 3285 418 3370 emditioneque
433 3286 548 3370 perfrui
569 3286 675 3370 possit
707 3287 824 3353 Datum
839 3287 954 3352 Romae
976 3286 1035 3352 iiia
1057 3285 1173 3368 Aprilis
1190 3286 1319 3352 mdxriv.

86 3397 165 3464 anno
184 3401 285 3484 primo.
1152 3413 1159 3424 ⁴

88 3669 216 3728 Lauernae
239 3680 414 3729 redemtionis
437 3681 515 3728 animo
534 3682 627 3730 nutanti
646 3681 773 3730 hincinde
791 3683 862 3730 variis
880 3681 1167 3730 affectibuatralnebatur.
1204 3679 1318 3730 dleauder

86 3773 170 3821 nuntlm
177 3776 200 3824 ln
207 3777 352 3826 manniam
365 3779 442 3838 ipsum
454 3791 524 3838 saepe
535 3781 686 3828 aecmarerai
693 3779 722 3828 de
731 3779 822 3828 omaltn
828 3779 926 3838 humei,
934 3781 1014 3838 illique
1021 3793 1076 3840 prae
1085 3780 1169 3828 ceteris
1179 3777 1317 3827 Ballandiae

87 3866 220 3922 delecdcueun
237 3889 251 3923 a
268 3875 386 3924 attalica
403 3875 500 3924 eulasia
521 3878 548 3924 et
564 3875 701 3925 Germaniae
723 3879 875 3937 perricadarn
897 3879 1021 3928 uitauerat.
1051 3877 1163 3926 Attamen
1181 3877 1226 3926 leo
1244 3876 1273 3936 Χ,
1292 3877 1318 3924 et

88 3959 252 4030 dattenuelt,
277 3977 349 4032 atque
374 3971 460 4020 deinde
485 3971 591 4021 menone
612 3973 650 4021 l'll
674 3975 800 4022 maximnm
826 3975 928 4024 lavemur
953 3978 988 4026 illi
1012 3977 1082 4025 docte
1107 3977 1132 4024 et
1149 3976 1241 4024 erudito
1266 3975 1316 4022 viro

90 4065 227 4117 attenderam.
276 4071 359 4117 Varios
384 4072 561 4118 endecades
586 4072 611 4118 in
637 4073 694 4119 Nori
719 4073 861 4120 Testamenti
886 4074 959 4122 libros
988 4075 1094 4124 ediderat
1122 4075 1243 4134 Erasmus,
1270 4089 1316 4124 nun

89 4162 168 4210 unnim
188 4178 203 4213 a
225 4167 276 4216 labe
300 4170 442 4216 uentorum
470 4169 591 4230 immunes,
617 4183 708 4219 eamme
732 4171 812 4219 tanim
836 4175 887 4220 arte
911 4176 1063 4234 conscriptos.
1099 4173 1196 4234 Quidam
1219 4173 1317 4224 Stunica

89 4261 156 4306 aaa·
171 4263 239 4322 ipsum
256 4279 328 4314 πονοι
345 4265 490 4314 documenti
506 4268 685 4314 commentarios
703 4268 836 4328 sumpserat
855 4269 890 4318 De
907 4269 945 4317 lile
957 4271 1066 4320 Emensus
1079 4271 1192 4321 momenti
1209 4273 1315 4334 pontiflci

13 4381 15 4388 ·
87 4363 208 4413 munnulus
224 4363 300 4412 morat
313 4365 339 4412 in
351 4363 441 4411 littam
458 4376 503 4421 que
520 4363 550 4412 de
561 4365 636 4424 lpaina
647 4365 797 4424 exalhdone,
816 4367 889 4424 dequo
906 4370 1001 4429 proprie
1017 4370 1047 4416 ob
1064 4382 1115 4418 eam
1131 4371 1231 4432 laetitia,
1249 4372 1315 4422 lead·

87 4455 157 4502 aauter
168 4459 265 4508 niani.
281 4461 309 4508 ln
321 4461 362 4510 lais
372 4462 435 4512 enim
454 4463 520 4510 aaa
533 4463 712 4524 computruerat
725 4463 851 4513 uiltomae
865 4479 954 4516 omnen
967 4467 1199 4529 deseeuaplalonem
1211 4471 1314 4518 loborat.
