3192 4930
754 249 976 312 ‚72-

240 444 336 509 tatem
364 442 578 508 testimonium
605 442 818 508 auctoritatem
848 440 929 526 opud
951 440 1111 508 Caesam
1132 441 1315 526 interponat,
1344 461 1400 528 quo
1418 441 1472 526 ipse

240 577 357 643 quoque
378 557 542 623 necessmii
563 558 661 624 nostui
683 557 803 624 consilii
821 558 971 623 rationem
992 557 1026 624 in
1047 557 1197 641 optimam
1214 558 1345 642 accipiat
1365 559 1474 644 partu,

242 693 356 759 nosque
378 693 430 740 eos
453 693 520 739 esse
543 675 595 756 qui
624 673 741 740 bimus
763 674 935 759 intelligut;
963 674 1049 739 cuius
1077 675 1200 740 nostrae
1222 674 1336 741 mentis
1359 674 1475 740 sincerae

241 791 272 856 et
293 791 393 855 rectae
421 789 522 868 fidem,
550 789 610 855 etsi
632 789 697 854 dios
726 790 793 874 ipsa
822 791 854 855 st
876 790 994 854 futurae
1023 789 1157 856 actiones
1185 791 1307 856 noemae
1335 789 1476 856 indubiam

235 905 362 984 facient,
384 906 488 970 umen
501 907 694 989 peroptntum
716 906 805 972 nobis
819 907 868 972 est
888 907 941 970 tua
964 906 1118 989 impiimis
1139 925 1229 990 opere
1243 907 1300 972 hoc
1315 925 1371 972 nos
1385 923 1475 971 muse·

242 1021 295 1105 qui
317 1022 352 1086 ut
366 1019 477 1086 Caesar
498 1020 578 1086 nihil
600 1021 755 1088 emetimet
776 1022 809 1086 in
831 1021 920 1088 uobis
942 1021 1056 1087 umoris
1078 1040 1151 1106 erga
1166 1040 1199 1088 se
1221 1023 1253 1088 ot
1266 1019 1477 1088 beneuolentiae

243 1156 309 1202 esse
332 1135 527 1202 diminutum
573 1136 748 1202 Honorem
770 1157 840 1202 cum
862 1137 1000 1204 omnium
1022 1155 1125 1203 rerum
1146 1137 1279 1204 maxims
1301 1137 1390 1203 nobis
1409 1133 1478 1202 cordi

242 1269 310 1318 esse
331 1253 386 1317 tue
413 1251 589 1318 fusternitas
609 1251 782 1337 intelligere
804 1253 910 1338 possit
930 1271 992 1318 non
1012 1254 1133 1319 utemur
1161 1251 1201 1318 ad
1222 1271 1288 1319 secu
1311 1250 1479 1320 monendum

244 1365 344 1432 verbis
365 1364 514 1451 pluribus,
544 1367 620 1433 setis
642 1369 726 1433 enim
755 1369 832 1434 certi
854 1387 970 1446 sumus,
998 1367 1087 1434 illam
1109 1369 1174 1435 toto
1196 1367 1293 1434 animi
1322 1367 1371 1434 sui
1392 1366 1480 1434 studio

244 1483 384 1548 uotiuum
406 1480 487 1566 quod
508 1482 597 1548 nobis
618 1483 743 1569 gratum
758 1502 825 1551 esse
847 1485 879 1550 et
901 1484 1008 1568 aptum
1030 1483 1195 1569 intelliget,
1218 1483 1351 1551 simodo
1366 1483 1397 1550 id
1412 1485 1480 1550 roob

245 1600 277 1663 et
298 1597 379 1664 iuste
401 1616 434 1664 ss
456 1597 554 1664 faeere
576 1617 666 1684 posse
694 1599 879 1684 cognouerit,
908 1598 989 1684 quod
1009 1600 1045 1665 ut
1074 1599 1188 1666 sentiat
1210 1601 1242 1665 st
1263 1599 1416 1666 emstimet
1434 1617 1481 1666 nos

245 1713 294 1778 illi
316 1731 422 1778 sumus
444 1713 478 1778 in
499 1713 573 1780 boni
594 1714 748 1799 pontificis
770 1714 830 1782 sude
853 1717 998 1781 suctores
1028 1711 1089 1780 Sed
1110 1715 1186 1781 baec
1207 1715 1311 1782 omnia
1332 1715 1423 1782 latins
1436 1713 1482 1780 dib

246 1828 276 1896 b.
299 1827 465 1894 Baldassar
480 1827 683 1896 cneco-neus
705 1831 842 1897 notamus
864 1833 897 1898 et
910 1829 1040 1897 nuncius
1061 1831 1165 1896 noster
1179 1831 1232 1897 aut
1248 1849 1282 1897 eo
1300 1831 1422 1898 absente
1441 1829 1482 1896 Jo.

249 1943 374 2010 (bursius
389 1943 634 2011 florentinorum
656 1947 758 2013 orator
779 1947 879 2012 tecum
894 1949 998 2012 nostro
1013 1946 1136 2013 nomine
1151 1946 1230 2031 aget
1253 1946 1364 2031 quibus
1385 1945 1483 2012 bebr-

245 2059 328 2124 nitas
350 2060 404 2124 tua
426 2057 519 2126 fidem
540 2060 682 2128 babebit:
726 2061 843 2128 Datum
865 2061 981 2129 Romae
1002 2063 1058 2128 etc
1081 2061 1193 2128 ultima
1214 2060 1357 2128 Jnuusrii
1378 2059 1484 2128 mdnu.

247 2175 336 2240 Anno
360 2172 497 2240 secundo.

848 2434 901 2503 50.

653 2601 792 2660 Nunnio
815 2603 851 2660 in
873 2602 1065 2675 Hispaniis.
1072 2595 1097 2680 ¹)

339 2752 457 2819 Dilecto
479 2753 539 2820 tili:
562 2753 640 2820 Cum
661 2753 695 2821 in
717 2756 762 2821 eis
783 2755 897 2822 litteris
919 2773 996 2839 quas
1018 2754 1058 2820 ad
1080 2771 1200 2822 sorsluno
1215 2752 1375 2822 tbesamm
1398 2753 1488 2820 mitti·

251 2888 321 2934 mus
343 2871 375 2935 et
396 2889 524 2954 quuarum
546 2871 683 2955 exemplo
705 2871 785 2956 quod
807 2871 892 2938 adte
914 2870 1104 2937 destinamus
1126 2890 1197 2938 cum
1218 2871 1316 2956 ipsius
1340 2869 1490 2938 serenitate

252 2985 464 3069 negociaturus
487 3005 528 3064 es,
551 2985 606 3052 illu
628 2987 720 3052 verba
742 3005 899 3071 ponemus,
928 2987 982 3053 ubi
1004 2986 1143 3066 dicimus,
1165 3005 1218 3052 eas
1240 3005 1316 3070 quas
1339 3005 1408 3052 cum
1428 3003 1490 3068 rege

252 3100 509 3166 christianissimo
538 3101 665 3167 fecimus
689 3101 909 3182 conventiones,
933 3103 972 3168 ab
1001 3103 1155 3187 aliquibus
1184 3102 1234 3167 hic
1262 3121 1317 3187 pro
1340 3101 1491 3168 serenitate

255 3236 310 3282 sua
332 3217 492 3301 agentium
516 3218 587 3300 (cic)
611 3217 646 3283 in
667 3218 800 3284 ebenum
821 3220 940 3302 partem
962 3219 1100 3302 comptas
1121 3219 1154 3283 et
1175 3209 1348 3283 sinisterius
1370 3216 1410 3282 sd
1430 3234 1491 3282 enm

252 3333 348 3399 baisse
362 3333 496 3398 dolates:
519 3333 552 3398 in
567 3333 677 3418 quibus
693 3333 816 3418 quidem
831 3334 932 3400 uerbis
955 3335 986 3400 et
1001 3332 1072 3400 aliis
1088 3333 1285 3418 sequentibus
1309 3333 1412 3417 paucis
1426 3350 1490 3398 oon·

253 3449 410 3533 querimur
431 3447 468 3514 de
490 3432 690 3532 quorumdam
713 3451 851 3535 maligna
873 3451 1027 3516 actionum
1049 3451 1224 3515 nostrarum
1245 3448 1493 3533 interpretation&

252 3564 305 3648 qui
327 3564 407 3648 quod
430 3565 608 3631 necessitate
629 3565 766 3646 fecimus,
788 3568 820 3632 et
841 3567 922 3633 iusto
945 3567 980 3632 ut
1001 3564 1124 3650 quidem
1153 3564 1339 3630 arbitramm
1367 3564 1494 3632 consilio.

254 3679 314 3764 ipsi
335 3681 367 3747 et
389 3679 422 3746 in
444 3679 576 3764 peiorem
601 3684 717 3765 partem
740 3681 916 3766 detorquere
938 3685 970 3748 et
992 3682 1100 3749 ceteris
1122 3680 1156 3747 in
1171 3680 1372 3765 suspitionem
1394 3697 1497 3766 ponere

253 3796 355 3862 conati
377 3797 464 3862 sunt:
486 3815 542 3863 nos
565 3797 718 3864 neminem
742 3797 901 3882 speciatim
925 3797 1077 3864 voluimus
1099 3795 1271 3863 nominare:
1295 3816 1333 3863 ne
1348 3796 1381 3862 in
1403 3795 1499 3862 dolore

254 3911 351 3978 animi
374 3911 470 3978 nostri
492 3911 618 3979 liberius
641 3913 841 3998 expromendo
864 3933 883 3978 a
905 3913 1057 3998 gravitate
1079 3911 1312 3980 discederemus.
1352 3910 1411 3978 Sed
1434 3929 1498 3977 cum

348 4195 511 4264 benemar
535 4198 687 4250 Gustitionins
708 4201 749 4259 qut
774 4201 872 4249 nmmo·
896 4201 926 4248 ad
951 4199 1114 4260 imperatorem
1143 4198 1250 4248 &solnm
1275 4211 1352 4255 mem
1376 4195 1498 4258 Hispaniae

255 4297 341 4346 muns
358 4310 372 4346 n
390 4297 464 4346 Roma
481 4298 599 4360 protectus
617 4300 663 4347 iam
682 4298 720 4346 dte
737 4299 821 4359 quintu
834 4297 939 4348 Octobris
957 4299 1013 4346 unni
1031 4297 1164 4358 sumeris.
1187 4297 1289 4345 nondum
1306 4295 1430 4346 latu-itum
1447 4307 1494 4356 peu·

256 4397 359 4449 menet.
