3258 4904
632 325 876 396 -449-

122 525 208 594 mine
231 527 263 592 et
284 545 339 610 pro
361 543 396 591 eo
419 523 659 592 interessendum
689 523 722 590 in
744 523 869 591 civitate
890 524 1055 592 &vennae
1075 543 1129 608 pro
1157 524 1207 590 die
1228 524 1379 612 vigesima

122 641 234 726 quinte
255 640 347 707 huius
375 639 491 707 mensis
513 638 656 725 Augusti,
685 640 716 706 et
739 639 977 724 quibuscumque
1006 639 1077 706 aliis
1106 639 1212 707 diebus
1242 642 1274 708 et
1295 643 1376 710 tem·

121 757 250 842 poribus
272 776 307 823 ac
329 755 564 842 comparendum
586 756 618 822 et
640 774 672 821 se
694 754 931 840 presentandum
951 774 1053 822 coram
1075 755 1208 823 dominis
1230 756 1376 823 commis·

124 874 218 939 seriis
247 892 302 957 per
329 891 501 939 caesaream
529 872 723 938 maiestatem
752 872 901 955 tanquam
927 871 1077 938 arbitrum
1107 872 1320 940 arbitratorem
1348 875 1380 939 et

123 988 320 1056 amicabilem
344 989 576 1073 compositorem
592 1005 699 1053 musae
715 1005 817 1053 coram
832 1005 866 1052 oo
885 986 1045 1070 pendentis
1066 986 1147 1053 inter
1162 987 1289 1055 eundem
1307 1007 1330 1055 s.
1349 987 1377 1054 d.

124 1125 153 1171 n.
170 1124 206 1174 ex
229 1123 291 1170 una
312 1106 344 1170 et
365 1103 410 1170 ill.
426 1104 453 1171 d
470 1105 498 1171 d.
522 1102 715 1187 Alphonsum
737 1103 897 1168 ltstensem
920 1121 974 1186 pro
997 1100 1072 1168 duce
1095 1103 1250 1169 Ferrariae
1273 1122 1306 1170 se
1320 1123 1376 1187 ge·

123 1223 244 1286 renum
261 1239 295 1286 ex
311 1221 408 1286 altera
422 1221 508 1305 parte
530 1220 584 1286 aut
598 1219 635 1286 de
651 1220 682 1286 ot
697 1236 787 1302 super
809 1219 899 1286 rebus
914 1218 947 1283 in
969 1219 1189 1303 compmmisso
1203 1221 1237 1285 in
1252 1219 1379 1286 eandem

124 1353 301 1402 caesarem
329 1336 524 1401 maiestatem
553 1335 633 1402 iacto
662 1335 813 1401 contentis
843 1336 876 1400 in
906 1334 988 1400 dicta
1017 1333 1141 1401 civitate
1164 1334 1318 1419 deputetis
1347 1336 1380 1401 ot

125 1471 232 1520 coram
254 1451 370 1518 eisdem
392 1449 525 1517 dominis
540 1449 760 1517 commissariis
782 1468 975 1535 quaecunque
992 1449 1155 1535 privilegia
1175 1451 1380 1518 instrumenta

124 1569 193 1635 iura
216 1566 408 1634 munimenta
430 1568 460 1631 et
475 1566 655 1633 documenta
677 1564 870 1649 producentis
886 1565 999 1650 illaque
1020 1584 1074 1649 per
1096 1566 1190 1633 testes
1209 1567 1379 1652 fidedignos

126 1682 311 1768 recognosci,
340 1683 372 1748 et
399 1701 453 1766 per
484 1682 634 1756 notarium
657 1681 813 1765 publicum
845 1700 899 1748 seu
926 1681 1065 1765 publicos
1095 1682 1149 1748 aut
1176 1683 1254 1747 alias
1285 1702 1378 1767 quas·

125 1817 257 1884 cumque
279 1817 422 1882 personas
444 1798 635 1865 samarticas
657 1798 878 1881 transumptari
900 1799 1004 1882 eisque
1025 1797 1118 1864 fidem
1140 1799 1300 1869 indubiam
1322 1800 1378 1866 ad-

125 1915 228 1982 hiberi
251 1933 286 1980 ao
308 1913 363 1980 illa
385 1913 539 1979 observari
560 1913 657 1980 faeere
679 1911 843 1996 petendum
865 1914 897 1978 et
911 1912 1118 1995 obtinendum,
1145 1915 1177 1980 et
1198 1916 1380 1999 generaliter

126 2030 233 2098 omnia
256 2030 317 2094 alia
339 2031 370 2096 ot
393 2029 515 2114 singula
536 2028 570 2094 in
591 2027 751 2112 premissis
774 2028 805 2093 et
827 2027 907 2092 circa
929 2045 964 2094 ea
983 2029 1153 2095 necessaria
1176 2050 1228 2097 seu
1251 2050 1378 2117 quomo-

127 2147 245 2215 dolibet
267 2146 434 2230 opportuna
455 2144 626 2212 faciendum
657 2142 818 2210 dicendum
840 2143 1005 2228 gerendum
1035 2146 1233 2212 exercendum
1255 2149 1287 2213 et
1307 2169 1379 2234 pro-

129 2261 298 2328 curandum
321 2279 379 2344 que
394 2261 524 2345 ipsemet
539 2281 562 2327 s.
578 2260 606 2326 d.
622 2281 651 2326 n.
668 2278 722 2327 suo
737 2279 771 2325 ao
786 2259 886 2326 diotae
901 2258 988 2326 Sedis
1004 2263 1034 2326 et
1049 2279 1185 2328 camerae
1199 2265 1382 2348 apostolicae

128 2377 253 2445 nomino
276 2376 386 2442 laceret
408 2378 440 2442 et
461 2377 559 2443 facere
581 2377 684 2462 posset
706 2375 734 2442 si
755 2375 914 2461 premissis
936 2375 1079 2442 omnibus
1102 2379 1132 2442 et
1156 2379 1286 2464 singulis
1308 2401 1379 2466 pre-

129 2513 200 2560 sens
229 2494 261 2558 et
287 2491 486 2576 personaliter
515 2493 677 2558 interesset
712 2491 835 2558 etiamsi
863 2492 940 2557 talia
967 2492 1068 2559 forent
1095 2513 1172 2577 quae
1200 2495 1381 2565 mandatum

128 2609 285 2694 exigerent
305 2607 407 2692 magis
422 2607 551 2691 speciale
574 2627 666 2692 quam
688 2607 880 2692 presentibus
902 2609 950 2674 est
972 2627 1155 2692 expressum.
1193 2610 1381 2681 Promittens

129 2725 254 2808 insuper
276 2722 358 2789 idom
381 2743 404 2789 s.
428 2723 456 2788 d.
479 2744 508 2789 n.
531 2723 564 2789 in
586 2724 678 2789 verbo
699 2723 832 2790 Romani
860 2722 1013 2807 pontificis
1037 2743 1091 2790 suo
1114 2744 1149 2790 ac
1171 2726 1269 2794 dicae
1293 2726 1380 2795 Solis

130 2842 161 2906 et
184 2857 321 2905 camerae
344 2838 526 2923 apostolicae
548 2838 671 2905 nomine
693 2839 772 2904 mibi
800 2837 918 2905 noterio
940 2839 1061 2923 publico
1091 2840 1285 2927 infrascripto
1308 2845 1379 2911 tan-

131 2975 225 3042 quam
246 2954 384 3039 publicas
406 2956 437 3021 et
452 2953 622 3021 araneoso
637 2972 781 3038 personae
804 2953 969 3020 solenniter
987 2954 1151 3039 stipulanti
1172 2959 1203 3024 et
1225 2958 1380 3042 recipient

132 3071 197 3138 vioe
219 3072 251 3136 et
272 3069 395 3137 nomine
423 3069 560 3136 omnium
584 3072 615 3136 et
646 3069 835 3154 singulomm
863 3089 991 3154 quorum
1020 3069 1148 3136 interest
1169 3071 1309 3139 intererit
1330 3078 1384 3141 aut

132 3188 280 3254 interesse
301 3185 413 3270 poterit
442 3183 668 3271 quomodolibet
696 3186 730 3250 iu
751 3184 887 3251 futurum
911 3203 943 3251 se
966 3185 1076 3264 ratum,
1099 3187 1231 3270 gratum
1259 3188 1381 3254 firmum

131 3302 312 3387 perpetuum
333 3299 510 3367 habiturum
534 3301 634 3366 totum
656 3300 688 3366 id
711 3301 742 3366 et
764 3298 911 3384 quidquid
933 3319 987 3383 per
1008 3298 1123 3366 dictum
1151 3301 1216 3367 eius
1238 3321 1382 3387 procura·

132 3419 231 3484 torem
254 3417 357 3482 actum
379 3415 496 3482 dictum
511 3415 627 3482 factum
648 3416 772 3500 gestum
786 3416 1018 3499 procuratumve
1040 3414 1133 3481 fuerit
1154 3415 1187 3482 in
1205 3419 1383 3501 praemissis

135 3553 187 3600 seu
210 3529 436 3616 quomodolibet
457 3532 685 3616 premissorum.
723 3531 873 3597 Relerans
896 3529 1097 3598 nibilominus
1120 3551 1155 3598 er
1178 3552 1257 3598 nuno
1280 3535 1311 3600 et
1334 3555 1383 3602 re·

133 3649 236 3714 levare
257 3647 362 3713 volens
385 3647 515 3713 eundem
544 3648 767 3731 procuratorem
798 3665 887 3712 suum
910 3647 949 3711 ab
979 3665 1068 3712 omne
1096 3665 1185 3714 onere
1215 3648 1385 3717 satisdandi

135 3762 306 3846 iudicioque
329 3760 399 3827 sisti
422 3763 452 3828 et
474 3760 642 3827 iudicatum
666 3761 744 3828 solvi
773 3781 843 3827 oum
865 3761 1007 3827 omnibus
1030 3764 1062 3828 et
1085 3762 1216 3848 singulis
1238 3765 1385 3834 clausulis
1506 3748 1508 3755 ’

134 3876 316 3945 necessariis
338 3879 369 3944 et
384 3877 561 3962 opportunis
584 3879 640 3944 sub
655 3877 803 3962 hypoteca
824 3878 856 3943 et
870 3877 1055 3961 obligatione
1070 3879 1207 3944 omnium
1230 3881 1261 3945 et
1276 3881 1384 3966 singu·

135 3993 236 4060 lomrn
259 4009 391 4071 suorum,
414 3994 445 4059 ot
461 3989 549 4059 Sedis
570 3993 705 4077 prefatae
728 3994 759 4058 et
780 4011 916 4058 cameras
939 3993 1123 4076 apostolicae
1144 3995 1292 4062 bonorum
1315 4017 1383 4065 mo-

136 4109 247 4176 bilium
271 4109 302 4174 st
323 4107 530 4174 immobilium
560 4107 834 4176 ecclesiastieorum
856 4110 887 4174 et
909 4108 1123 4193 temporalium
1145 4111 1333 4193 presentium
1356 4115 1387 4179 et

136 4224 317 4304 memorum,
340 4225 373 4289 et
387 4223 523 4308 qualibet
537 4224 599 4290 alia
613 4223 689 4291 iuris
712 4226 743 4290 et
757 4222 830 4289 facti
845 4223 1070 4292 renunciatione
1093 4225 1131 4290 ad
1146 4226 1201 4292 beo
1216 4229 1387 4295 necessaria

138 4335 253 4425 pariter
275 4341 307 4404 et
329 4339 447 4405 mutale
469 4338 506 4405 de
529 4342 561 4406 ot
589 4359 679 4424 super
707 4339 818 4424 quibus
847 4338 989 4406 omnibus
1012 4341 1043 4406 et
1066 4339 1197 4425 singulis
1227 4343 1386 4426 premissis

139 4457 221 4525 idom
245 4475 268 4524 s.
292 4455 320 4522 d
343 4475 372 4522 n.
389 4475 443 4522 suo
466 4455 497 4522 et
520 4453 608 4524 Sedis
630 4475 665 4524 ac
687 4474 823 4524 camerae
846 4457 1029 4542 apostolicae
1052 4457 1203 4541 predictae
1225 4458 1347 4525 nomine
1371 4477 1389 4526 a

192 4581 295 4632 ιριηικ
308 4581 416 4621 ιιι-ιιι.
430 4581 478 4622 ιιι.
1186 4567 1229 4636 29
