3152 4902
577 267 822 334 -163-

90 462 213 530 munium
228 465 401 532 nostrorum
417 483 436 530 a
451 463 557 530 Turcis
572 465 603 530 ot
618 461 791 530 infidelibus
807 461 915 546 piratis
931 461 1113 546 pertinentia
1133 481 1202 528 cum
1219 461 1323 528 audirs

90 599 121 644 or
140 599 170 646 oo
191 579 339 664 fidamque
361 581 409 646 illi
432 579 550 658 habore,
580 581 647 644 tum
670 579 765 644 stium
787 595 841 661 pro
864 578 910 644 tui
933 577 1066 645 nominis
1089 579 1268 644 auctoritato
1292 581 1322 644 ot

90 695 161 760 lama
180 695 335 779 providero
357 696 442 772 solis,
472 691 551 779 quod
573 694 632 760 orit
654 693 779 776 reliquis
801 693 863 760 tuis
887 693 1030 778 preclaris
1054 693 1224 760 actionibus
1247 711 1320 759 con·

90 813 260 878 santanoum.
305 811 422 878 Datum
444 811 560 877 Bomos
581 811 636 876 oto.
660 808 708 874 dia
730 809 785 875 iiii.
808 808 886 874 Julii
908 807 1026 876 mdrxv.
1072 809 1160 874 Anno
1184 808 1322 876 secundo.

167 1043 311 1127 Episcopo
341 1041 527 1121 Tridentino,
557 1043 591 1108 ut
619 1045 728 1126 pergat
756 1041 789 1108 in
818 1041 906 1106 bonis
936 1040 1084 1124 oporibus.
1132 1041 1246 1108 nomm
1276 1041 1324 1106 dio

91 1177 111 1223 u.
130 1157 203 1224 iulii
225 1157 344 1224 radus.
391 1159 479 1223 Anno
503 1155 641 1224 sooundo.

671 1421 741 1484 120.

466 1583 621 1654 viceregl
647 1574 885 1662 (Neapolitano).

167 1737 284 1804 Dllocts
307 1735 361 1802 fili.
406 1735 587 1820 accepimus
616 1735 736 1802 litteras
759 1737 827 1802 tuas
857 1735 907 1802 dio
935 1735 992 1802 xvi.
1015 1735 1103 1804 lunii
1132 1737 1220 1804 dotus
1250 1755 1326 1822 quac

92 1853 167 1920 nobis
188 1853 383 1920 rohomontor
405 1853 511 1936 gratas
533 1851 669 1926 tuoruum
694 1853 764 1918 tuac
779 1851 862 1918 anim
877 1851 1010 1936 optimae
1032 1852 1065 1920 in
1080 1871 1136 1920 nos
1159 1853 1326 1920 voluntatis

91 1987 170 2052 qnam
198 1968 305 2054 magni
327 1966 459 2051 profacto
488 1965 618 2033 facimus
648 1969 720 2034 sunt
742 1967 852 2044 tostam
883 1985 937 2032 nos
966 1967 1089 2051 quidam
1111 1966 1201 2036 etde
1223 1969 1326 2035 nostra

92 2101 153 2167 argu
180 2085 296 2150 „oppam
320 2084 406 2148 tram
437 2082 592 2150 voluntate
613 2083 646 2148 ot
667 2080 704 2148 do
727 2081 771 2148 cis
803 2083 893 2149 robus
915 2085 946 2148 ot
975 2081 1085 2149 officiis
1114 2102 1190 2168 quaa
1219 2083 1328 2150 abste

91 2199 277 2280 postulamus,
300 2197 441 2264 dammas
463 2197 516 2263 dil.
539 2197 568 2262 fi.
591 2196 769 2263 Baldassari
784 2195 966 2264 Cartilionoo
990 2198 1099 2264 nuncio
1122 2199 1225 2266 nostro
1248 2196 1328 2282 opud

93 2315 237 2380 masuram
261 2312 408 2378 mandata
430 2313 530 2378 tonum
553 2311 812 2378 communicanda
859 2312 1024 2378 Hortamur
1047 2315 1164 2380 nob.tom
1187 2315 1273 2380 tuam
1295 2313 1329 2378 in

92 2427 209 2495 Domino
231 2431 267 2494 ut
288 2429 318 2496 ci
340 2426 432 2496 fidam
454 2427 565 2494 haboro
587 2445 623 2492 ao
644 2429 798 2512 praestaro
821 2428 908 2494 nobis
932 2447 1023 2512 quam
1042 2428 1177 2495 ostendis
1200 2429 1327 2496 benivo-

92 2541 204 2608 lcntiam
235 2543 321 2622 volis,
351 2559 443 2626 quam
465 2561 520 2608 nos
548 2541 645 2608 simili
674 2542 776 2608 animo
801 2557 878 2626 ‘erga
909 2545 1068 2610 tosumus
1097 2545 1329 2628 compensaturi.

93 2658 194 2724 Datum
217 2659 334 2724 Romao
357 2655 405 2724 (lic
428 2657 479 2722 vii.
502 2656 580 2722 Julii
604 2656 721 2723 mlxxv.
767 2657 855 2723 anno
880 2657 1018 2724 secundo.

170 2889 248 2974 Regi
267 2887 456 2973 Portugallio
472 2925 514 2935 —-
530 2888 589 2953 Pro
615 2887 764 2955 Michaslo
786 2885 887 2973 Sylva,
910 2892 1026 2956 oratoro
1050 2889 1130 2974 apud
1145 2891 1330 2975 pontificem,

94 3023 172 3086 quom
186 3024 244 3084 ror,
268 3002 383 3070 naritus
407 3021 445 3069 no
459 3003 592 3086 pontifex
615 3004 680 3070 cius
704 3002 886 3088 dignitatem
902 3005 1103 3090 amplificarat
1125 3007 1331 3073 cardinalatus

94 3117 206 3199 honoro,
237 3119 276 3184 an
299 3137 332 3184 so
361 3121 566 3198 revocaverat,
597 3121 681 3186 ratus
711 3119 742 3184 id
772 3119 918 3204 dignitati
948 3140 1019 3186 suas
1042 3121 1168 3190 ollicoro.
1215 3125 1330 3190 Roman

95 3233 137 3300 rii
157 3235 232 3302 Julii
256 3233 374 3300 mdxxr.
420 3236 508 3300 Anno
532 3234 670 3300 secundo.

676 3496 748 3560 121.

516 3659 706 3717 archidani
731 3661 907 3719 nustriae.

175 3811 291 3878 Dilecto
306 3811 360 3878 lili
391 3810 573 3896 Accepimus
589 3813 760 3897 cxamplurn
776 3831 880 3878 samm
896 3812 1122 3898 rosponsionom
1138 3833 1213 3899 quas
1228 3816 1334 3882 nob.tar

102 3925 397 4010 inpudentissima
419 3945 454 3992 ao
476 3926 754 3993 consideratissimo
769 3928 1030 3995 tumultuantibus
1053 3931 1117 3996 suis
1139 3931 1334 4016 popularibus

103 4038 230 4120 rallsdit,
260 4061 336 4127 quac
359 4042 446 4108 nobis
475 4041 676 4127 dignissimas
705 4042 788 4108 visas
818 4045 890 4110 sunt
920 4063 957 4110 aa
984 4045 1096 4112 vituts
1126 4046 1211 4112 cuius
1240 4047 1272 4114 in
1305 4049 1335 4114 tc

104 4155 257 4236 opinionem
280 4175 435 4224 summam
452 4175 570 4242 sempor
593 4157 771 4236 habuimus3
795 4179 890 4244 noquc
913 4159 1001 4227 nobis
1020 4160 1118 4227 solum
1143 4163 1194 4228 sod
1217 4165 1248 4228 ot
1271 4184 1334 4232 van.

106 4269 233 4338 iratribus
254 4272 369 4340 nostris
399 4273 431 4338 in
455 4293 580 4358 quorum
595 4273 784 4370 ''consistorio
815 4277 909 4341 lactas
934 4277 1062 4342 l'usnmt.
1108 4278 1214 4362 ltaquc
1237 4278 1274 4344 dc
1297 4280 1335 4344 iis

106 4385 132 4446 st
150 4389 261 4454 anobis
277 4390 309 4454 st
331 4387 370 4454 ab
385 4387 450 4454 illis
473 4389 532 4453 tibi
546 4389 696 4480 latentur
718 4389 845 4474 gratias,
868 4393 956 4476 toque
973 4393 1131 4457 hortamur
1152 4412 1336 4479 quamquam

1119 4501 1176 4568 11*
