3192 4930
774 257 999 327 ...78:..1

260 448 331 529 dam
354 471 445 536 quam
467 469 577 537 pravae
606 454 697 520 huius
720 454 859 522 hereseos
883 473 1034 522 venenum
1049 454 1236 522 disturbavit
1258 453 1414 540 pertinent
1433 468 1492 519 euru
1577 536 1578 541 ἵ

261 569 453 634 mitteremus
477 589 541 634 reu
571 569 698 636 statem
728 570 959 654 aepiscopum
983 571 1172 638 Verulanum
1201 573 1349 637 nuneium
1370 571 1491 637 nostrum
1576 555 1577 606 1

261 682 299 747 ad
322 683 478 750 Helvetios
507 685 666 768 tamquam
694 685 851 754 hominem
884 705 1003 753 summe
1025 687 1158 770 peritum
1190 689 1221 752 ot
1249 687 1403 753 amantem
1423 685 1493 750 illim
1576 743 1577 746 ,

260 799 401 877 nationis,
417 799 527 883 quique
542 801 635 865 etiarn
651 801 739 866 nobis
753 801 885 886 ingenio,
907 802 976 881 ude,
992 803 1178 886 integritate,
1202 803 1363 886 prudentia
1385 800 1493 866 mirilioe

259 915 405 998 probatus
420 916 476 994 est,
492 917 527 981 ut
542 915 569 980 is
585 915 731 982 mandate
746 917 827 1000 apud
841 936 892 982 eos
908 921 1013 984 nostra
1028 920 1223 1001 exequeretur
1238 917 1267 984 ei
1283 917 1446 1002 specialiter
1452 916 1493 980 in·

260 1029 413 1095 iunximus
423 1031 458 1095 ut
471 1049 540 1096 oum
550 1031 760 1099 devotionibus
770 1033 890 1113 restris,
906 1035 1017 1117 quibus
1033 1035 1081 1099 est
1098 1033 1165 1116 ipse
1180 1033 1400 1111 deditissimus,
1414 1030 1493 1098 etiam

259 1144 372 1211 aretine
394 1146 540 1212 nonnulla
562 1147 707 1213 traetsret
729 1147 768 1212 sd
791 1149 983 1214 commodum
1007 1152 1144 1216 restmm
1167 1149 1258 1234 atque
1281 1150 1424 1216 honorem
1443 1163 1493 1210 uua

259 1279 329 1326 oum
351 1262 455 1327 nostra
477 1262 509 1328 et
530 1260 621 1327 huius
645 1260 715 1328 sas
738 1261 825 1329 Sedis
848 1263 999 1349 dignitate
1030 1265 1207 1348 spectantia.
1261 1262 1361 1345 Quem
1383 1265 1416 1328 ut
1436 1279 1493 1326 sus-

260 1375 381 1458 cipiatis
396 1378 534 1443 amanter
548 1379 640 1462 utque
655 1378 787 1462 benigne
802 1379 943 1458 audiatis,
966 1379 999 1444 in
1015 1380 1146 1446 Domino
1163 1399 1217 1447 vos
1232 1380 1399 1459 hortamur,
1421 1379 1496 1460 atque

260 1492 295 1556 ut
316 1490 364 1556 illi
390 1491 439 1556 rel
467 1492 555 1558 nobie
586 1493 688 1576 potius
718 1493 829 1560 auxilio
858 1495 965 1561 adosse
995 1495 1097 1561 velitis
1127 1515 1185 1580 quo
1215 1495 1299 1560 mala
1328 1496 1384 1560 illa
1412 1491 1496 1558 radios

260 1623 354 1672 novae
376 1606 545 1691 impietatis
567 1627 602 1673 er
625 1609 679 1674 ills
702 1611 792 1694 gente
815 1609 984 1676 fortissima
1012 1610 1159 1694 nobisqde
1182 1610 1431 1678 eoniunotissirns
1449 1627 1495 1692 pe·

260 1721 343 1788 uitus
366 1722 503 1802 sublata*
517 1743 595 1789 unus
610 1723 670 1791 Dei
691 1725 791 1790 cultus
814 1727 845 1790 et
866 1726 1066 1792 immaculate
1087 1725 1205 1810 religio,
1229 1745 1264 1792 ae
1286 1729 1411 1792 mutuae
1430 1724 1497 1789 inter

259 1856 310 1904 eos
333 1837 538 1904 consensionis
560 1838 726 1924 pristinum
748 1840 903 1906 vinculum
927 1842 1045 1926 vigeat:
1067 1860 1141 1907 nam
1156 1861 1221 1922 nos,
1240 1842 1300 1908 etsi
1322 1857 1495 1926 quarumque

261 1953 297 2020 iu·
323 1955 408 2039 parte
437 1953 540 2039 gregis
575 1955 663 2022 nobis
694 1975 712 2020 a
741 1957 805 2023 Deo
835 1957 993 2023 commissi
1015 1957 1234 2023 detrimentum
1257 1959 1369 2036 evenit
1398 1956 1429 2022 id
1453 1971 1497 2038 pro

260 2071 364 2136 nostra
385 2070 532 2155 postorali
554 2089 626 2136 oum
648 2071 776 2137 moleste
799 2071 886 2138 valde
909 2072 1052 2148 ferimus;
1075 2074 1181 2139 tamen
1203 2072 1358 2138 Helvetioi
1378 2069 1497 2138 nominis

258 2187 290 2251 et
311 2186 405 2252 vestri
427 2186 507 2270 apud
529 2205 584 2252 nos
599 2186 760 2270 potissima
782 2188 830 2253 est
852 2189 1005 2271 cogitatio.
1030 2186 1125 2272 Saepe
1140 2187 1223 2253 enirn
1247 2187 1333 2254 robis
1357 2208 1377 2253 s
1400 2187 1497 2252 solea

261 2299 336 2367 Sede
361 2301 526 2385 apostoliea
549 2300 683 2386 dignitas
708 2303 913 2387 simulatque
936 2303 1071 2382 utilitas,
1102 2301 1174 2368 Sedi
1203 2305 1306 2368 autem
1330 2301 1499 2388 apostolicae

259 2437 278 2483 s
300 2417 386 2484 robis
408 2416 507 2483 fidelis
531 2435 620 2500 opera
642 2419 673 2482 et
688 2421 863 2502 promptum
878 2419 1025 2484 auxilium
1047 2417 1108 2483 fuit
1122 2419 1279 2501 paratum3
1298 2437 1392 2503 quam
1415 2415 1498 2482 socie·

259 2535 355 2600 tatem
377 2533 506 2617 preclari
528 2533 662 2600 muneris
678 2533 757 2598 inter
780 2553 835 2600 nos
850 2535 882 2600 et
904 2553 956 2600 vos
972 2552 1092 2599 serrare
1115 2535 1293 2617 perpetuam
1308 2533 1500 2600 intendimus:

261 2667 357 2733 neque
378 2648 555 2714 dubitamus
570 2652 687 2714 vestras
704 2641 875 2715 voluntates
899 2648 939 2714 sd
961 2649 1095 2715 similem
1114 2649 1255 2715 effectum
1277 2649 1367 2715 nobis
1383 2649 1502 2714 libenter

261 2785 328 2832 esse
350 2763 504 2830 affuturas.
536 2763 594 2830 Sed
617 2783 675 2848 quo
691 2763 791 2848 magis
814 2765 846 2830 in
863 2765 963 2830 restra
985 2764 1106 2848 pmpria
1122 2765 1234 2831 virtute
1250 2766 1342 2850 utque
1364 2765 1424 2832 fide
1438 2782 1501 2830 oon·

262 2880 394 2960 fidimus,
418 2880 475 2945 hoo
498 2897 551 2945 ros
575 2879 744 2945 aoouratius
766 2880 981 2947 hortamurut
1012 2879 1176 2964 diligenter
1204 2879 1310 2945 audire
1339 2881 1502 2964 episcopum

261 2996 363 3081 ipsum
385 2996 530 3062 nuncium
559 2998 698 3062 nostmm
727 2997 758 3061 et
789 2995 922 3061 conterre
952 3015 1022 3061 oum
1052 3013 1086 3062 eo
1110 2995 1211 3060 vestra
1239 2997 1369 3062 oonsilio
1401 2993 1503 3068 velita

261 3113 409 3196 illumque
431 3111 465 3178 in
486 3111 602 3178 eunetis
626 3111 725 3178 lovere
748 3111 879 3196 dirigere
902 3111 1044 3177 adiuvare
1059 3109 1260 3194 adhibereque
1283 3111 1333 3176 illi
1355 3111 1388 3177 in
1411 3107 1503 3178 omni·

262 3229 319 3296 bus
349 3227 476 3296 eandem
505 3226 597 3292 fidem
626 3245 718 3312 quam
740 3226 828 3293 uobis
851 3225 927 3310 ipsis
957 3205 1151 3292 adhiberetis.
1198 3223 1285 3307 Quod
1308 3245 1326 3291 a
1350 3226 1436 3292 vobis
1457 3241 1502 3288 er-

261 3347 418 3429 peotamus
448 3343 536 3411 nobis
564 3344 688 3428 gratum
711 3343 905 3409 vehementer
934 3344 965 3409 et
993 3343 1140 3426 optatum.
1186 3321 1303 3407 Datum
1325 3341 1442 3408 Romae
1463 3337 1505 3402 die

261 3460 335 3526 xiiii.
359 3459 518 3526 Febmsrii
539 3459 657 3526 mdrrv.
702 3459 792 3524 Anno
815 3457 952 3525 seeundo.

863 3663 986 3786 Μ..

649 3883 921 3946 Turrieenslbus
943 3881 1125 3945 Helvetiis

348 4039 461 4114 Dileoti
482 4038 548 4110 filii
593 4035 670 4108 Ourn
692 4041 725 4108 in
748 4059 837 4107 omne
866 4011 1058 4108 Helvetioum
1080 4055 1192 4104 nomen
1213 4033 1305 4103 huius
1329 4033 1400 4104 sou
1422 4030 1505 4103 Sedis

261 4163 424 4232 auotoritas
454 4181 490 4228 eo
519 4161 624 4227 nostra
646 4157 785 4244 preoipue
807 4157 949 4222 voluutas
978 4154 1016 4220 ob
1046 4173 1149 4220 eorum
1179 4153 1278 4219 multa
1307 4153 1338 4218 et
1359 4151 1509 4238 praeclara

261 4281 372 4349 merite
394 4296 544 4364 propensa
566 4293 686 4359 semper
707 4272 825 4352 fuisset
854 4273 922 4338 turn
952 4289 1021 4337 sero
1045 4269 1237 4335 reeordumur
1257 4287 1314 4334 nos
1337 4269 1434 4348 robis,
1456 4265 1510 4333 lilii

262 4397 466 4474 Turrioensea
490 4411 626 4460 seorsum
641 4391 673 4457 ot
687 4391 804 4455 vestrae
820 4387 950 4480 eximiae
963 4383 1240 4469 virtutiimprimis
1255 4383 1350 4449 lirisse
1365 4383 1510 4450 lautores:
