3132 4910
775 309 1019 377 -rol—

272 507 427 574 dationem
456 508 488 572 et
513 507 616 572 oscula
645 505 756 590 padum
784 505 952 572 beatorum.
997 504 1068 572 Non
1091 525 1160 572 sum
1190 524 1246 590 ego
1273 505 1394 574 nescius
1420 509 1505 573 vestro

273 624 431 692 sanctitati
453 643 519 690 esse
542 623 698 707 cognitum
721 624 771 690 ins
793 621 932 708 coniugis
954 641 1021 688 meo
1051 622 1244 688 serenissime
1273 621 1341 689 dna
1363 623 1505 708 reginein

273 741 384 807 ducatu
406 740 535 806 Barsnsi
558 739 637 824 quod
659 739 740 806 illIne
763 740 830 806 dne.
861 741 991 806 lsabelle
1013 739 1051 805 de
1071 738 1226 824 dragonis
1249 740 1343 806 matri
1365 740 1430 806 eins
1450 759 1505 805 cun

273 859 462 926 successione
483 858 667 925 hereditaria
689 859 775 924 nulla
790 857 962 943 exceptione
983 857 1127 941 nullaque
1148 856 1319 922 conditione
1334 855 1450 922 adiecta
1463 855 1506 920 d·

273 975 381 1042 natum
404 976 459 1040 est.
505 975 549 1040 llo
577 975 681 1059 itaquo
704 975 769 1041 iure
791 975 896 1054 batus,
926 992 996 1041 mox
1025 972 1130 1039 audita
1152 973 1251 1038 morte
1276 971 1414 1039 eiusdem
1442 973 1506 1037 ill.rr

273 1091 348 1156 olim
370 1090 436 1157 dno.
461 1091 599 1170 labello,
622 1091 695 1157 misi
709 1091 850 1158 nmotios
872 1092 904 1158 et
917 1090 1125 1175 procuratores
1147 1088 1186 1153 ad
1208 1088 1386 1172 capiendam
1401 1107 1505 1173 posses·

274 1207 391 1272 sionem
407 1225 474 1273 meo
489 1209 612 1274 nomina
626 1210 658 1274 et
679 1209 776 1294 ipsius
792 1209 858 1274 dne.
874 1207 991 1294 regina
1015 1208 1152 1292 quicum
1167 1207 1313 1274 mandata
1327 1207 1506 1292 perfecissent

276 1324 307 1390 et
329 1324 541 1391 continuarent
563 1325 719 1409 aliquanto
742 1327 878 1409 tempore
899 1324 999 1410 ipsam
1014 1324 1238 1408 possessionem
1260 1323 1399 1409 nihilque
1420 1323 1506 1408 suspi-

276 1441 416 1506 carentur
439 1441 518 1525 quod
539 1459 575 1507 er
597 1440 723 1508 adverso
739 1441 876 1508 futurum
899 1443 980 1508 essct
995 1440 1157 1524 queminus
1179 1440 1257 1506 citra
1274 1440 1402 1525 quodvis
1422 1439 1506 1522 impe

275 1555 447 1622 elimentum
463 1557 565 1642 eoipso
581 1556 691 1623 ducatu
707 1557 882 1642 potiremur,
897 1575 946 1623 ras
960 1557 1090 1623 minime
1105 1556 1226 1640 sperata
1241 1555 1359 1623 accidit
1382 1555 1507 1622 Senium

275 1672 358 1738 enim
380 1673 474 1738 iidem
499 1674 561 1740 mei
589 1675 797 1758 procuratores
820 1674 989 1759 viceregem
1018 1673 1105 1758 regni
1127 1671 1325 1757 Neapolitani
1353 1673 1436 1739 iussn
1455 1673 1506 1737 irn-

275 1788 400 1874 perialis
422 1789 603 1868 maiestatis,
625 1789 672 1855 uti
694 1789 803 1868 lerunt
826 1789 963 1856 eiusdem
985 1789 1112 1855 ducatus
1135 1790 1281 1856 Berensis
1302 1789 1506 1873 possessionem

276 1905 321 1971 eis
337 1904 496 1984 ademisse,
520 1905 677 1991 osmgnato
693 1907 847 1990 sequestre
869 1907 921 1990 qui
943 1925 1013 1972 eum
1029 1906 1220 1990 gurbemaret
1242 1905 1342 1991 quoad
1363 1925 1415 1991 per
1435 1923 1507 1970 suam

277 2021 471 2086 maiestatem
495 2020 672 2088 decernatur
700 2021 773 2106 qnid
796 2041 865 2088 cnm
888 2041 923 2088 eo
946 2021 989 2087 sit
1018 2021 1163 2098 buturum,
1192 2022 1281 2106 quasi
1303 2022 1344 2088 lis
1367 2024 1442 2088 esset
1460 2020 1507 2085 sub

275 2136 383 2216 iudice,
406 2155 476 2203 cum
498 2136 577 2202 nihil
599 2155 734 2221 unquam
756 2137 793 2203 da
811 2157 845 2204 eo
869 2137 911 2203 sit
931 2136 1110 2217 iudicatum,
1133 2137 1186 2204 sed
1209 2156 1248 2204 ne
1269 2136 1302 2203 id
1316 2136 1434 2221 quidem
1453 2134 1507 2200 fieri

277 2252 375 2336 possit
397 2252 515 2336 siquis
543 2253 626 2319 velit.
663 2253 764 2319 'lanta
785 2254 833 2321 vis
855 2253 903 2319 ost
924 2253 1083 2319 literarum
1105 2255 1136 2319 et
1165 2253 1395 2338 privilegiorum
1414 2253 1507 2337 quibus

277 2367 406 2432 nitimur
429 2368 463 2433 ut
492 2385 581 2434 nomo
604 2368 702 2452 possit
730 2367 848 2454 aliquid
878 2368 1071 2436 serenissime
1100 2369 1223 2455 coniugi
1245 2389 1312 2436 mcc
1334 2369 1400 2436 dna
1420 2367 1507 2452 regius
1549 2347 1550 2423 l

278 2502 368 2566 super
396 2482 461 2548 iura
490 2482 589 2550 eiusce
619 2482 746 2550 ducatus
784 2485 950 2564 intentare,
980 2484 1041 2550 nisi
1080 2485 1182 2569 aliqua
1212 2485 1409 2551 camllacmne
1434 2485 1506 2548 utens

278 2617 401 2682 querere
429 2599 505 2664 velit
532 2600 778 2666 incommodandi
808 2601 1003 2667 occasionem.
1050 2599 1120 2667 Nou
1149 2601 1273 2685 ignorat
1294 2603 1397 2667 antem
1423 2599 1506 2664 resta

279 2714 427 2780 sanctitas
457 2715 677 2781 laboriosarum
707 2717 939 2802 occupationum
971 2733 1108 2782 meamm
1143 2717 1251 2782 seriem
1282 2717 1316 2782 in
1347 2717 1396 2782 bis
1425 2713 1505 2784 bellis
1548 2779 1549 2790 ,

278 2829 388 2912 quibus
412 2830 477 2896 sine
499 2830 726 2897 intermissione
748 2831 884 2898 dominia
905 2850 975 2897 mea
989 2832 1028 2896 ab
1043 2830 1215 2897 infidelium
1229 2831 1370 2916 potencia
1383 2829 1505 2896 acerrim
1548 2805 1549 2831 ¹

277 2947 424 3029 urgentur
446 2947 477 3011 et
499 2949 686 3030 premuntur,
709 2967 766 3031 que
781 2965 837 3032 ego
860 2948 1007 3030 tanquam
1028 2947 1063 3013 in
1078 2947 1212 3014 stacione
1233 2965 1362 3013 manans
1384 2943 1505 3013 marinis

277 3059 441 3145 impendiis
472 3081 526 3146 pro
549 3062 691 3128 omnibus
714 3062 784 3142 lero,
807 3065 839 3129 et
869 3064 973 3129 tanim
1002 3063 1087 3129 nulla
1116 3063 1197 3129 racio
1228 3063 1358 3129 habetur
1387 3063 1503 3127 laborum

277 3195 415 3242 meorum
437 3180 469 3243 et
490 3176 547 3244 lroc
569 3177 702 3262 amplius
725 3195 760 3243 ea
782 3177 1002 3262 impedimenta
1029 3177 1210 3263 ingeruntur
1231 3197 1270 3244 ne
1292 3178 1358 3244 inre
1379 3195 1441 3243 meo
1460 3175 1503 3239 bo·

278 3292 385 3377 nisque
407 3293 486 3358 meis
507 3290 601 3359 libere
625 3293 671 3358 uti
698 3293 822 3377 possim.
867 3293 993 3360 Accedit
1015 3292 1094 3378 quod
1123 3295 1155 3360 et
1175 3293 1248 3360 huic
1276 3295 1358 3360 secte
1385 3289 1505 3377 pestiloe

278 3427 336 3491 que
368 3427 400 3473 se
423 3408 629 3474 Luthsranam
660 3409 795 3493 appellat
825 3429 941 3493 queque
972 3409 1040 3476 odio
1069 3410 1195 3476 ecclesie
1217 3409 1355 3476 Romane
1385 3411 1415 3475 et
1434 3403 1504 3472 Sedis

279 3523 443 3606 apostolice
472 3541 542 3590 cum
565 3524 697 3590 marimo
727 3524 909 3592 detrimento
938 3526 970 3592 et
997 3523 1138 3592 scandalo
1169 3525 1334 3609 reipublice
1362 3521 1504 3590 ambare

278 3639 409 3705 excitata
423 3638 546 3725 accepit,
562 3641 718 3725 tantopere
740 3639 850 3706 resisto
865 3640 1028 3724 quominus
1049 3640 1131 3706 vices
1155 3641 1258 3706 sumat
1278 3639 1312 3706 in
1328 3639 1415 3705 terris
1435 3634 1503 3709 nos
1546 3622 1547 3645 ¹

279 3757 409 3840 suntque
430 3755 540 3820 multis
562 3776 598 3821 er
620 3756 759 3839 partibus
782 3755 872 3822 terris
895 3757 972 3822 meis
995 3755 1088 3823 vicini
1110 3775 1166 3822 nco
1187 3755 1341 3821 desistunt
1363 3752 1503 3822 sollicitare

279 3872 312 3937 at
333 3871 454 3937 allicere
476 3871 591 3938 vicinos
622 3872 657 3937 ut
679 3889 712 3938 se
734 3869 840 3938 eodem
863 3890 978 3938 veneno
1000 3871 1141 3938 imbuent
1163 3873 1194 3938 et
1216 3869 1393 3955 inexpiabili
1414 3867 1502 3934 scalere

279 3987 495 4065 contaminent,
517 3986 756 4054 iurisdictionem
772 4005 929 4053 romanam
945 3986 1128 4053 labefactare
1142 3989 1174 4052 ot
1187 4003 1330 4052 enervare
1345 3983 1501 4069 satagentes
1545 4021 1546 4053 r

280 4100 340 4168 Oro
371 4104 504 4168 vostram
528 4122 551 4167 s.
575 4121 667 4185 quam
688 4101 776 4168 video
799 4121 903 4169 omnes
927 4122 998 4168 suas
1021 4121 1108 4169 ouras
1138 4103 1169 4169 et
1191 4100 1315 4187 ugilias
1338 4101 1377 4166 ad
1397 4100 1426 4166 id
1445 4115 1500 4162 coo·

278 4216 415 4295 sortisse,
445 4218 481 4281 ut
502 4215 546 4282 rei
575 4216 741 4282 christiane
763 4217 882 4282 labanti
904 4217 935 4283 et
958 4237 993 4283 er
1016 4217 1099 4282 omni
1122 4217 1208 4301 parte
1230 4215 1414 4300 periclitanti
1433 4229 1500 4296 opem

279 4331 356 4396 forre
378 4331 486 4397 emeat
531 4332 683 4414 Dignatur
712 4349 817 4399 aarum
839 4351 941 4398 rorum
970 4351 1063 4418 quem
1084 4351 1140 4417 par
1162 4333 1210 4398 est
1238 4331 1390 4398 racionem
1413 4329 1502 4396 muco

280 4445 311 4507 et
326 4443 404 4508 mihi
418 4463 569 4529 regnoque
585 4464 651 4511 meo
674 4445 850 4530 opportunis
867 4445 1013 4514 subsidiis
1036 4445 1149 4515 adessa
1186 4446 1224 4512 ln
1245 4447 1304 4513 bac
1319 4449 1418 4514 autem
1431 4457 1502 4510 causa
1544 4400 1545 4460 ¹
