3152 4902
601 247 823 318 ..99-

100 465 145 530 pro
163 446 308 531 perpetua
329 443 418 513 laude
441 447 510 512 tuae
525 445 787 530 prestantissimae
811 445 933 513 virtutis
949 445 1167 514 elaborandum
1190 449 1244 514 est.
1276 445 1337 512 Res

100 563 139 625 ast
158 581 190 628 eo
205 563 273 629 loco
287 561 387 645 posita
401 562 437 626 ut
450 563 566 626 remoto
587 581 623 628 eo
644 562 698 646 qui
719 563 841 646 culpam
856 561 1068 628 diuturnorum
1091 563 1171 630 inter
1193 562 1337 628 christia-

100 696 146 742 nos
165 677 391 742 dissensionum
414 677 593 756 sustimbat
622 697 702 744 nunc
726 677 767 743 sit
788 678 857 762 paci
879 681 910 742 et
932 679 1027 762 quieti
1049 681 1174 762 paratus
1203 697 1338 762 campus,

100 793 215 874 quaesi
238 791 375 858 celeriter
398 791 571 858 stabiliatur
592 791 652 858 erit
673 792 790 858 occasio
812 792 960 858 divimus
983 794 1085 859 oblata
1107 794 1340 860 1111111111

100 909 125 970 ct
145 907 202 972 iam
235 907 355 990 umque
384 906 571 972 instantibus
601 907 821 974 immanissimi
849 908 963 975 Turcae
996 909 1139 992 periculis
1168 909 1339 990 resistendi,

101 1023 169 1104 quod
195 1021 322 1106 quidem
343 998 411 1088 =nisi
433 1022 493 1088 oito
523 1021 586 1100 fiat
615 1023 749 1106 graviter
777 1026 826 1090 ost
853 1025 1128 1108 pertimescendum
1157 1046 1196 1091 ne
1225 1025 1342 1110 insigni

100 1137 200 1202 lcmrm
225 1137 460 1202 christianitatis
483 1157 597 1202 errores
620 1137 760 1204 intestini
790 1140 888 1204 nostri
910 1141 1082 1223 prmiantur.
1130 1139 1189 1206 Sed
1211 1141 1284 1208 haec
1308 1141 1342 1205 tu

100 1271 145 1335 pro
166 1255 219 1319 tuo
243 1271 363 1318 summo
385 1253 508 1337 ingenio
531 1253 619 1318 facile
641 1254 805 1340 intelliges.
851 1254 916 1320 Noa
939 1275 1009 1322 oum
1031 1257 1097 1340 ipso
1113 1255 1259 1342 Gregorio
1282 1254 1341 1321 Ca-

101 1367 836 1454 11111111111111111111111111111111111,
860 1371 970 1455 quique
994 1373 1080 1438 uobis
1104 1371 1265 1456 pmdentia
1288 1391 1343 1436 sua

100 1481 257 1549 admodum
282 1483 431 1548 satisfecit
459 1483 652 1551 adiunximus
677 1505 742 1551 ven.
774 1486 901 1552 fratrem
925 1488 1137 1554 Hieronimum
1167 1488 1341 1574 episcopum

101 1597 340 1684 wigorniensem
362 1601 461 1664 totum
483 1600 543 1666 tibi
565 1599 702 1666 deditum
725 1603 756 1666 et
786 1602 833 1667 tui
856 1603 1161 1670 observantissimum
1183 1623 1253 1672 cum
1284 1622 1343 1689 quo

100 1715 230 1800 largest
254 1715 370 1780 sincero
392 1713 430 1781 (le
458 1714 599 1782 omnibus
623 1735 730 1784 sumus
751 1718 853 1784 locuti.
900 1715 998 1799 Quam
1026 1721 1061 1786 ut
1084 1721 1263 1788 referentem
1286 1720 1344 1787 tibi

100 1831 224 1916 benigne
246 1830 354 1897 audias
377 1849 589 1917 summamque
611 1832 659 1898 illi
687 1832 779 1900 fidem
803 1837 834 1900 et
855 1835 925 1900 aliis
949 1835 1070 1902 nunciis
1093 1835 1208 1904 ibidem
1230 1836 1344 1904 nostris

100 1945 429 2014 111111111111111111
443 1947 477 2013 in
491 1947 624 2014 Domino
638 1949 802 2016 hortamur.
848 1951 963 2016 Datum
981 1953 1095 2018 Romm
1111 1951 1160 2018 dic
1175 1951 1218 2020 iii
1236 1951 1342 2019 Martii

100 2061 211 2128 mlxxv.
256 2061 347 2128 Anno
369 2062 509 2130 secnndo.

659 2207 783 2293 (Foris).

422 2345 511 2412 Anno
534 2347 663 2413 secundo
687 2349 804 2415 mdrrr.
850 2349 955 2416 Martii
978 2351 1020 2418 iii.

100 2459 250 2527 Cardinali
264 2461 447 2527 llboraconsi
461 2481 515 2546 pro
531 2461 676 2547 Gregorio
698 2465 793 2548 equiti
808 2463 926 2532 Oasalio
943 2471 973 2532 et
990 2467 1174 2554 Hieronymo
1191 2467 1344 2536 Gheuutio

429 2578 568 2662 episeopo
591 2577 799 2664 Wigorniensi
820 2581 1010 2649 credentiale.

698 2901 752 2974 69·

587 3066 673 3137 Regu
696 3067 854 3139 Anssllae.

185 3217 361 3285 Carissimo.
406 3215 493 3282 Nihil
523 3218 610 3284 nobis
639 3220 758 3303 gratius
787 3221 886 3304 potuit
915 3221 1048 3288 accidere
1078 3241 1171 3307 quam
1193 3225 1243 3291 his
1266 3227 1346 3292 tam-

101 3333 221 3415 poribus
245 3333 375 3400 missum
399 3350 417 3397 a
440 3333 601 3400 serenitate
623 3335 676 3400 tua
690 3334 785 3400 tuisse
808 3335 951 3402 dilectum
976 3337 1075 3403 filium
1091 3336 1273 3424 Gregorium
1288 3339 1347 3406 Ca·

103 3449 194 3514 salem
217 3447 317 3514 virum
332 3447 512 3533 prudentem
533 3451 565 3514 et
585 3449 645 3515 tibi
659 3449 874 3517 fidelissimum
897 3453 949 3536 qui
972 3455 1088 3518 statum
1104 3454 1350 3540 conditionesque

102 3563 192 3628 totius
215 3563 324 3630 Italiae
345 3583 470 3646 presens
492 3563 670 3649 inspiceret;
693 3565 848 3650 nostrique
871 3567 955 3632 illius
978 3569 1116 3653 perpetui
1137 3589 1209 3656 erga
1233 3572 1348 3638 sereni-

102 3681 195 3744 tatem
217 3681 304 3745 tnam
319 3678 416 3744 animi
430 3681 521 3763 atque
535 3680 649 3746 amoris
664 3683 764 3746 certus
779 3684 882 3766 posset
897 3702 963 3748 esso
979 3684 1076 3764 tostis,
1091 3685 1230 3768 quicum
1248 3687 1353 3752 nostra

103 3793 227 3860 consilia
251 3797 316 3859 acta
338 3794 532 3878 cogitateque
553 3796 738 3880 perspexerit
760 3797 871 3876 omnia,
902 3797 960 3863 tibi
982 3818 1018 3864 ea
1039 3799 1105 3882 ipse
1128 3802 1176 3866 ost
1198 3821 1268 3868 cum
1291 3801 1351 3869 fide

105 3911 266 3986 relaturum
294 3909 397 3976 eranit
424 3911 527 3976 autem
555 3911 613 3978 hoc
641 3911 707 3995 ipso
730 3914 865 3997 temporo
893 3914 1030 3980 mirabili
1051 3915 1111 3980 Dei
1131 3915 1242 3983 iudicio
1272 3917 1352 4001 quod

107 4043 196 4110 oeque
219 4027 409 4108 expectatum
424 4045 479 4092 neo
500 4026 669 4112 cogitatum
692 4047 827 4111 unquam
849 4028 916 4108 fuit,
936 4033 970 4095 ut
990 4031 1105 4114 praelio
1121 4031 1200 4115 apud
1223 4033 1353 4115 Papiam

106 4140 267 4206 commisso
295 4159 357 4208 non
385 4143 485 4208 solum
507 4141 683 4208 tunderetur
711 4143 891 4210 Franciscus
914 4147 1099 4212 Francorum
1121 4166 1172 4212 111
1203 4147 1256 4213 sed
1284 4148 1352 4232 ipse

106 4255 196 4322 1111111
210 4259 367 4339 caperetur
381 4257 527 4344 virusque
548 4259 582 4324 in
596 4259 780 4342 potestatem
796 4279 920 4326 suorum
935 4261 1071 4327 hostium
1085 4261 1254 4340 deveniret3
1277 4281 1354 4347 quae

109 4389 160 4451 res,
181 4389 254 4436 cum
268 4371 400 4439 humana
416 4373 532 4440 ratione
547 4372 686 4440 rideatur
700 4375 765 4442 tlori
781 4393 842 4442 non
860 4375 1006 4462 potuisse,
1031 4395 1153 4443 necesse
1167 4379 1215 4444 est
1236 4377 1355 4445 intelli·

1160 4483 1196 4554 7*
