3152 4902
545 245 790 312 -147-

69 447 90 510 et
102 447 204 514 restrae
219 445 315 513 etiarn
331 443 441 512 salutis
456 462 491 509 ac
506 442 668 528 dignitatis
683 461 755 508 cura
770 439 918 508 sollicitos
933 441 1033 508 babet
1080 440 1145 508 Nos
1160 444 1292 527 quidem,

68 563 171 646 etquae
192 580 210 626 a
235 561 321 627 vobis
343 561 490 626 hactenus
505 561 594 644 gesta
616 560 688 625 sunt
710 559 837 624 mirifico
860 559 1117 636 commendamus,
1141 559 1293 644 dignoque

68 677 266 744 existimatione
296 677 451 743 restruet
480 675 602 740 nomine
625 675 792 758 sapientiae
821 674 900 759 quod
923 675 1068 741 obtinetis
1092 675 1239 754 ducimus,
1263 678 1295 742 et

69 793 234 860 bluturum
256 793 292 858 ut
315 791 411 858 simili
434 790 537 857 animo
561 789 716 875 similique
739 789 851 856 uirtute
874 809 927 874 pro
951 791 1009 856 Dei
1032 791 1154 857 nomine
1177 811 1212 858 ae
1234 792 1292 858 bo·

68 927 120 974 nere
145 908 287 993 regnique
317 908 408 974 istius
431 907 536 973 contra
564 905 693 990 impiam
722 905 802 972 banc
824 907 1025 972 hereticorum
1054 909 1172 991 postam
1196 909 1295 974 solute

70 1024 206 1090 ereubetis.
253 1023 437 1089 Deuotioneo
461 1023 577 1086 vestras
606 1021 773 1104 plurimum
803 1021 836 1088 in
859 1021 990 1088 Domino
1016 1021 1190 1092 hortamurz
1219 1041 1296 1108 quae

66 1139 157 1206 inboc
178 1157 266 1224 opere
288 1138 421 1204 maxime
443 1138 474 1204 et
496 1137 629 1221 gratiam
653 1137 733 1220 apud
755 1136 855 1202 Deum
884 1142 914 1202 et
937 1138 1059 1204 laudem
1088 1139 1168 1222 apud
1190 1158 1296 1204 omnes

66 1253 184 1320 hemines
207 1256 280 1320 sunt
294 1253 527 1338 promeriturum
550 1252 599 1318 cui
614 1252 709 1317 oborn
731 1253 815 1336 operi
829 1272 884 1318 nos
908 1253 947 1318 ad
962 1272 1084 1320 omnem
1106 1273 1194 1338 opem
1210 1256 1296 1321 vobis

66 1369 228 1436 aderandam
250 1389 373 1436 omnem
395 1371 533 1434 nostram
555 1368 768 1434 auctoritatem
790 1387 893 1434 curam
917 1369 1052 1434 laborem
1069 1369 1206 1436 studium
1227 1391 1298 1438 cum

66 1484 178 1552 domim
198 1486 386 1570 pollicemur.
432 1484 548 1548 Datum
571 1485 686 1550 Romae
709 1485 765 1549 etc.
790 1484 839 1548 die
861 1505 907 1550 rr.
931 1483 1008 1550 Maii
1031 1485 1148 1552 mdrxv.
1187 1487 1296 1554 Ponti-

66 1600 157 1666 ficatus
177 1601 274 1668 nestri
296 1619 376 1666 anno
399 1599 536 1665 secundo.

641 1860 712 1926 108.

449 2025 676 2084 Universltatt
699 2025 898 2086 parisiensi.

140 2181 249 2246 Dilecti
270 2178 329 2244 lilii
350 2179 482 2245 salutem
504 2181 559 2244 ote.
605 2179 643 2244 ln
665 2179 722 2243 hac
743 2179 906 2262 pastoralis
930 2180 1023 2247 officii
1037 2202 1117 2264 cura
1141 2205 1219 2269 quae
1242 2205 1297 2254 nos

66 2313 158 2375 parurn
179 2316 212 2362 ar
236 2295 352 2360 viribus
377 2295 489 2360 nostris
512 2295 658 2372 valentes,
690 2295 717 2358 si
739 2294 797 2359 Dei
820 2296 1037 2378 omnipotentis
1068 2301 1215 2368 auxilium
1239 2323 1300 2370 non

64 2409 169 2476 obaset
183 2411 286 2495 procul
309 2410 393 2476 omni
407 2409 597 2476 dubitatione
612 2409 775 2476 destitutos
791 2411 983 2494 opprimeret,
1006 2414 1105 2480 multa
1121 2419 1201 2496 sunt,
1224 2439 1300 2502 quae

66 2524 109 2590 bis
122 2527 293 2610 periculosis
309 2525 544 2609 difficilibusque
568 2525 754 2609 temporibus
771 2526 913 2591 stimulos
929 2528 1017 2594 nobis
1032 2531 1160 2598 afferant
1175 2531 1301 2601 diurnae

66 2643 272 2727 nocturnaeque
295 2640 520 2718 sollicitudinis
550 2659 623 2706 nam
645 2642 676 2706 et
698 2641 840 2707 omnibus
863 2647 924 2706 tere
946 2642 980 2708 in
1003 2645 1092 2710 terris
1115 2648 1299 2718 christiano-

68 2775 126 2821 rnm
146 2757 264 2823 turbata
285 2775 358 2840 pax,
388 2758 419 2822 et
441 2773 549 2840 graves
572 2756 610 2821 ab
633 2756 763 2821 immani
784 2756 882 2822 Turea
910 2757 943 2822 in
967 2761 1057 2843 eaput
1086 2764 1226 2830 nostrum
1248 2766 1298 2832 in-

68 2872 158 2938 tentae
183 2872 319 2951 insidiae,
348 2873 380 2938 et
402 2865 521 2956 ubique'
535 2889 636 2936 rerum
659 2872 797 2937 omnium
819 2872 955 2938 confusio
978 2893 1013 2938 ac
1036 2879 1222 2958 perturbatio
1246 2901 1301 2948 nos

70 3003 168 3070 angore
192 2988 289 3055 animi
318 2989 350 3054 ot
371 2987 514 3053 molestia
536 2987 641 3066 afficit
672 2990 788 3053 utnon
819 2989 940 3054 tantum
963 2991 1117 3072 possimus
1146 2997 1302 3078 providere

70 3099 158 3168 labore
179 3106 209 3169 et
231 3102 368 3182 consilio,
396 3103 475 3186 quod
498 3104 577 3169 corta
599 3103 697 3168 facere
726 3123 882 3186 nunquam
905 3103 1089 3186 destitimus,
1120 3113 1233 3193 quanta
1256 3116 1304 3178 est

72 3215 206 3284 rnelomm
229 3219 327 3284 moles
349 3237 426 3302 quae
449 3236 504 3285 noa
527 3218 654 3302 premit:
678 3217 731 3283 sed
754 3218 870 3303 reliqua
892 3219 1033 3286 fortassis
1048 3225 1151 3290 essent
1172 3225 1305 3307 ferente,

74 3329 127 3396 rita
145 3334 224 3400 enim
246 3336 277 3400 et
300 3334 438 3400 fortunae
467 3333 499 3399 et
520 3331 687 3418 dignitates
716 3334 807 3417 atque
830 3334 965 3413 bonores,
995 3335 1047 3419 qui
1077 3339 1229 3406 terrenum
1253 3361 1304 3407 sa-

75 3444 149 3525 pimt
170 3449 196 3514 si
217 3449 343 3516 veniant
364 3448 398 3512 in
420 3447 593 3526 discrimen,
616 3449 670 3513 aut
692 3448 719 3514 si
741 3449 836 3514 otiam
859 3449 1034 3532 eripiantur,
1058 3455 1106 3518 est
1120 3453 1250 3524 fortasse
1268 3459 1307 3525 ad

78 3577 183 3629 mesum
204 3583 265 3630 non
287 3563 450 3629 mediocris
471 3563 525 3629 ille
547 3562 646 3640 dolor3
668 3563 833 3628 fidentibus
849 3563 971 3648 quidem
993 3566 1027 3632 in
1042 3567 1173 3636 Domino
1189 3571 1253 3638 Deo
1275 3577 1308 3641 et

80 3673 170 3744 inille
192 3697 276 3763 spem
301 3697 391 3744 suam
413 3677 628 3762 reponentibus
656 3679 798 3762 paratum
821 3681 869 3744 est
892 3681 1023 3750 sublime
1046 3685 1214 3769 celestoque
1237 3709 1308 3772 per-

82 3787 189 3874 fugium,
217 3795 250 3860 in
273 3811 333 3878 quo
356 3813 452 3878 neque
474 3792 559 3860 dolor
587 3813 683 3878 neque
706 3813 789 3860 mors
812 3795 893 3860 ultra
916 3799 972 3874 est,
996 3797 1048 3864 sed
1071 3799 1161 3866 beata
1183 3805 1215 3868 et
1237 3804 1309 3870 felix

84 3902 287 3976 immortalitas.
333 3908 377 3974 At
398 3909 426 3974 si
448 3909 505 3976 boe
526 3909 700 3994 perfugium
722 3909 802 3994 quod
824 3930 998 3995 supremum
1022 3915 1053 3978 et
1075 3915 1312 4002 incomparabile

85 4021 225 4090 autetiam
246 4025 351 4108 ipsum
372 4025 507 4090 tentetur
528 4024 648 4104 auferri,
671 4027 738 4090 tum
761 4044 829 4091 vero
852 4026 931 4092 nibil
953 4030 1000 4093 est
1021 4029 1055 4094 in
1077 4033 1161 4098 omni
1183 4034 1311 4100 adami-

87 4133 137 4200 bte
155 4140 216 4206 tarn
236 4158 338 4224 grave,
368 4139 448 4224 quod
470 4139 541 4206 huic
570 4141 651 4206 malo
675 4159 730 4224 par
752 4159 819 4206 osse
842 4144 954 4225 possib
984 4147 1014 4210 et
1035 4146 1140 4212 tamen
1162 4148 1219 4214 hoc
1240 4170 1311 4232 per-

88 4246 188 4333 iugem
208 4255 286 4340 quod
308 4255 499 4322 altissimum
522 4274 540 4321 a
562 4255 627 4322 Deo
649 4256 785 4340 positum
808 4259 864 4336 est
894 4278 952 4343 quo
974 4279 1036 4326 non
1057 4261 1174 4327 accedit
1196 4265 1314 4332 malum

89 4379 169 4448 noque
192 4369 346 4454 flagellum
378 4369 613 4455 appropinquat,
644 4371 810 4438 extiterunt
832 4375 931 4440 aetate
961 4377 1065 4442 nostra
1094 4377 1183 4462 impii
1204 4382 1236 4446 et
1258 4401 1313 4448 ne·

1098 4484 1156 4552 10*
