3128 4908
128 1105 332 1200 uuuvlu
362 1102 436 1198 Ab
464 1102 779 1198 PRINCIPES
805 1101 1131 1198 uluuuuuls
1157 1099 1253 1194 VII.

640 1283 748 1344 1527.

658 1605 728 1670 187.

435 1769 717 1844 archiepiscopo
741 1771 926 1829 Toletano.

153 1925 343 1992 Venerabilis
365 1924 467 1991 frater.
512 1925 557 1990 Ex
580 1923 691 1990 litteris
714 1924 817 1990 fretu·
844 1925 914 1990 tusae
937 1921 1143 2008 eognovimus,
1167 1941 1225 2008 que
1248 1923 1316 2008 ipsu

77 2040 166 2108 auimo
196 2060 269 2127 erga
298 2061 353 2108 nos
377 2041 408 2106 et
431 2041 568 2106 sanctam
599 2039 797 2139 apostolimm
826 2039 928 2107 sedern
953 2040 1002 2116 sit
1025 2056 1176 2123 quumque
1198 2038 1242 2104 eis
1265 2039 1314 2104 in·

77 2157 229 2224 summotis
251 2175 329 2243 quus
351 2157 452 2224 eidem
473 2155 539 2222 sedi
561 2158 592 2222 et
615 2157 702 2223 nubis
727 2155 932 2241 superioribus
955 2153 1062 2222 diebus
1085 2154 1207 2222 luerunt
1225 2155 1317 2222 illata

77 2273 164 2340 doleat
177 2276 268 2360 utque
282 2274 423 2358 ungatur,
446 2271 526 2357 quod
541 2273 673 2357 profectu
689 2272 778 2339 nobis
801 2271 910 2338 amitit
926 2271 1180 2356 acceptissimum.
1204 2271 1316 2338 Videre

77 2390 147 2456 euim
168 2389 314 2456 eximium
336 2389 507 2473 praelatum
531 2387 665 2455 dolorem
696 2389 948 2473 preesefemutem
973 2390 1010 2455 de
1033 2389 1119 2454 omni
1141 2387 1316 2454 oslamitsta

76 2523 142 2588 quae
162 2505 278 2572 aecidat
300 2504 444 2572 eeclesiae
459 2505 635 2590 nominique
650 2505 854 2572 eeclesiastico
877 2505 907 2571 st
930 2504 1027 2589 ipsius
1043 2505 1226 2590 probitatem
1249 2504 1315 2588 pie-

75 2623 216 2708 tatemque
238 2621 427 2700 manifestat,
456 2620 487 2686 et
510 2621 645 2706 aliquam
669 2621 757 2688 affert
787 2621 826 2688 iis
850 2621 902 2706 qui
926 2621 998 2687 sunt
1019 2621 1103 2706 pessi
1132 2619 1315 2688 levationem

76 2738 234 2814 molestiam
257 2736 318 2803 etsi
340 2735 418 2802 illud
441 2735 558 2802 lauimus
581 2735 712 2822 impium
735 2738 767 2803 et
788 2738 873 2803 atrox
896 2737 927 2803 et
950 2737 1027 2802 ubas
1050 2737 1223 2804 inauditum
1246 2753 1315 2802 mu·

76 2852 158 2919 iorem
179 2872 305 2920 causum
328 2851 450 2919 dolendi
473 2851 561 2918 affert
583 2852 623 2918 iis
645 2853 698 2938 qui
720 2854 881 2936 patrarunt
903 2871 995 2938 quem
1018 2852 1083 2920 illis
1106 2853 1158 2938 qui
1181 2853 1314 2937 pertule-

76 2971 144 3048 runt
165 2988 239 3053 quos
262 2969 357 3034 etism
381 2968 409 3033 si
422 2969 582 3034 bominum
604 2987 717 3053 poenae
732 2966 880 3048 deessent
903 2987 958 3034 suu
981 2969 1117 3055 ipsorum
1132 2967 1316 3035 conscientia

77 3103 155 3150 suum
177 3086 274 3151 seelus
306 3083 452 3150 sollicitet
474 3086 509 3150 ut
531 3102 628 3169 neque
651 3085 731 3169 apud
753 3085 854 3152 Deum
884 3105 980 3170 neque
1003 3087 1074 3151 ante
1096 3085 1234 3151 iustitiae
1256 3083 1314 3149 tri·

77 3200 159 3266 buunl
172 3201 292 3286 possint
307 3201 369 3267 ullo
391 3201 479 3284 pantu
495 3201 668 3268 consistere.
715 3200 801 3282 Quod
816 3201 938 3284 quidem
955 3201 1159 3268 noluissemus
1183 3199 1316 3266 nunidem

76 3315 158 3383 ubam
180 3317 303 3383 honoris
327 3319 416 3383 serulli
438 3315 577 3384 Caesaris
599 3335 699 3397 eausa,
722 3317 771 3383 eui
793 3335 848 3382 uos
872 3337 906 3383 er
922 3317 1025 3383 auimo
1048 3319 1129 3384 uerte
1152 3335 1271 3400 semper
1286 3317 1317 3382 et

78 3431 110 3494 sb
130 3432 245 3499 intimis
270 3432 411 3499 sensibus
433 3431 466 3498 in
489 3432 573 3499 omui
596 3433 724 3498 honesta
747 3433 865 3500 aunone
887 3434 918 3498 et
940 3433 1038 3517 gloria
1053 3431 1194 3512 favimus,
1217 3450 1236 3497 s
1257 3450 1316 3516 quo

78 3545 102 3610 si
120 3548 217 3631 palsm
240 3547 404 3614 dissentire
427 3547 487 3613 uisi
509 3566 624 3628 sumus,
654 3567 715 3615 nou
737 3548 814 3615 illud
843 3549 979 3632 privatae
1008 3547 1175 3616 disourdiae
1204 3547 1316 3626 odium,

82 3661 127 3726 sed
147 3664 282 3747 publicae
298 3662 478 3746 suspitionis
501 3663 568 3729 iuit'
582 3663 754 3731 dissidium.
784 3662 850 3744 Quo
873 3664 967 3730 etiam
983 3663 1149 3730 studiosius
1172 3665 1204 3730 et
1218 3663 1317 3728 surius

81 3776 114 3842 uu
127 3797 227 3863 paoem
241 3778 457 3858 iuoumbimus‚
476 3799 641 3864 sumusque
656 3778 790 3863 quotidie
805 3781 838 3845 iu
854 3798 889 3846 ea
904 3779 1064 3846 trmtunda
1079 3779 1207 3856 ussidun
1226 3781 1317 3863 utque

79 3893 184 3959 utinum
206 3913 259 3961 eae
281 3893 370 3960 uobis
392 3896 630 3978 proponerentur
644 3895 831 3962 conditiones
854 3914 930 3979 quas
953 3895 1043 3962 fenile
1065 3897 1097 3962 et
1118 3895 1249 3961 libenter
1263 3911 1316 3959 ao·

80 4007 165 4092 cipere
191 4028 365 4095 pessumum
397 4009 520 4076 dabitur
548 4012 652 4078 munau
681 4029 779 4096 opere,
809 4013 957 4097 quantum
986 4030 1040 4095 per
1067 4029 1123 4077 nos
1146 4009 1316 4095 inspirante

80 4121 198 4192 Domino
219 4125 286 4192 lieri
308 4125 428 4209 poterit,
450 4129 486 4191 ut
508 4145 561 4210 per
583 4145 689 4193 omues
711 4126 816 4194 faciles
839 4126 1040 4211 difficilesque
1063 4127 1128 4192 rias
1151 4127 1189 4192 ad
1212 4143 1317 4210 pacem

80 4242 263 4320 meriatur.
310 4240 368 4308 Cui
382 4243 485 4308 nostro
509 4241 610 4308 studio
623 4261 685 4309 nou
708 4241 891 4309 mediocrem
914 4241 1008 4309 stiam
1024 4241 1185 4308 stimulum
1200 4241 1318 4308 addidit

81 4353 171 4420 frat&
188 4359 258 4425 tuse
271 4357 436 4424 obtestatio
459 4359 491 4424 et
512 4357 686 4438 inlusus,
709 4376 802 4442 quam
818 4357 954 4425 vicissim
976 4359 1134 4424 hortumur
1155 4357 1191 4423 ut
1212 4357 1318 4425 eudem

81 4485 160 4552 upers
180 4473 223 4540 uti
239 4471 314 4542 uelit
336 4472 375 4540 sd
397 4473 500 4558 ipsum
515 4471 676 4540 Caesarem
699 4471 882 4540 hortandum
898 4473 933 4540 ut
948 4471 995 4542 det
1014 4491 1047 4541 se
1070 4473 1108 4540 nd
1124 4473 1317 4557 nequitatem,
