3192 4930
771 321 902 387 ,440
948 360 991 368 -

260 518 458 582 hortabantur
481 517 514 581 ut
536 517 638 582 omnia
661 517 719 581 tibi
742 517 973 582 concederemus
997 535 1074 599 quae
1097 517 1196 580 tumet
1218 516 1327 580 velles:
1351 533 1386 579 er
1407 516 1491 579 altera

259 651 328 697 rere
351 651 449 697 mores
471 631 627 714 depravati
649 633 757 696 homm
779 635 959 714 temporum,
989 631 1064 695 haec
1085 630 1182 696 nimia
1204 649 1281 714 quae
1304 631 1415 695 exarsit
1434 631 1492 712 plus

259 767 377 832 semper
399 747 529 812 habendi
559 747 717 830 cupiditas,
747 766 823 830 quoe
846 747 986 812 inomni
1014 766 1124 831 genere
1153 747 1313 811 hominum
1344 745 1492 829 turpis,in

257 863 375 928 clericis
399 865 520 927 verost
549 864 642 928 sacris
672 863 809 945 personis
831 882 892 927 non
915 864 962 928 est
984 862 1116 940 ferenda,
1146 862 1234 928 nobis
1264 865 1352 927 crant
1374 860 1492 946 impedi·

259 981 369 1054 mento,
392 977 551 1060 quominus
573 977 632 1042 tibi
653 980 689 1042 ut
703 978 898 1060 cupiebamus
920 979 1062 1044 continuo
1085 997 1258 1062 gereremus
1282 998 1406 1043 morem.
1428 975 1494 1041 thur

258 1093 341 1158 euim
369 1112 424 1158 nos
453 1092 535 1176 ipsos
565 1093 775 1176 intelligamus
805 1095 854 1158 his
885 1095 1006 1160 miseris
1036 1097 1067 1159 et
1097 1094 1220 1159 afflictis
1250 1094 1436 1176 temporibus
1462 1092 1494 1155 ab

257 1209 463 1292 omnipotente
485 1208 549 1273 Deo
571 1210 604 1273 in
627 1227 732 1274 curem
756 1209 802 1274 sui
818 1210 922 1293 gregis
946 1211 1075 1288 vocatos,
1098 1212 1133 1274 ut
1155 1209 1290 1292 aliquam
1306 1209 1453 1275 medelam
1470 1209 1497 1272 et

259 1323 380 1408 aliquod
410 1323 576 1388 remedium
606 1324 760 1389 communi
797 1325 878 1388 malo
910 1325 1094 1391 christianae
1123 1325 1306 1409 reipublicae
1335 1326 1495 1393 afferamus

257 1440 331 1506 haec
352 1440 451 1523 prima
474 1439 631 1504 videbatur
660 1459 712 1522 per
735 1459 790 1505 nos
813 1440 905 1505 malis
929 1441 1064 1506 moribus
1094 1440 1279 1506 obstruenda
1303 1440 1351 1504 via
1374 1459 1447 1515 esso
1468 1438 1497 1501 nt

259 1555 291 1620 in
320 1555 494 1640 pluralitate
523 1554 742 1620 cathedralium
773 1556 977 1634 ecclesiarum,
1010 1575 1075 1621 rem
1104 1556 1254 1638 paulatim
1285 1555 1324 1620 ad
1353 1573 1496 1620 sucmrum

258 1689 406 1736 canonum
422 1670 541 1736 ordines
564 1672 595 1735 et
609 1670 752 1736 instituta
775 1689 998 1749 revocaremus,
1022 1691 1118 1755 neque
1142 1671 1218 1736 dues
1234 1673 1288 1737 aut
1303 1672 1405 1754 plures
1428 1671 1497 1736 tales

257 1785 399 1851 eeclesias
422 1785 578 1851 obtinendi
607 1786 784 1851 facultatem
813 1787 930 1869 passim
960 1786 1171 1852 tribueremus.
1217 1787 1300 1854 Haec
1322 1806 1393 1870 ergo
1417 1803 1497 1852 causa

256 1901 387 1968 stratio
410 1921 464 1966 nos
488 1900 664 1985 aliquandiu
687 1901 787 1966 tenuit
802 1902 917 1967 dubios.
943 1900 1001 1966 Sed
1024 1921 1094 1966 cum
1117 1901 1253 1986 quotidie
1276 1903 1386 1986 magis,
1410 1903 1496 1968 ecole-

258 2017 373 2082 siarum
387 2017 517 2082 istarum
532 2019 727 2100 utrarumque
742 2017 983 2082 Wormaoiensis
997 2021 1029 2082 et
1044 2018 1245 2083 Tmiectensis
1260 2018 1457 2084 necessitates
1470 2035 1499 2080 ae

257 2131 447 2198 incommoda
463 2132 621 2197 nobiscum
644 2134 861 2216 reputaremus,
884 2153 1013 2217 quarum
1028 2121 1132 2198 'altera
1147 2133 1180 2198 in
1202 2133 1270 2216 ipso
1284 2133 1424 2199 incendio
1445 2135 1498 2198 im·

257 2247 381 2330 pietatis
397 2247 563 2312 multomm
579 2247 691 2312 animis
713 2249 825 2330 pravis,
849 2249 913 2314 eta
935 2251 1016 2314 recta
1034 2248 1094 2314 fide
1109 2249 1275 2314 rebellibus
1291 2248 1403 2314 referta
1418 2252 1499 2317 essct

258 2362 353 2427 altera
376 2362 518 2426 maximis
542 2362 733 2428 detrimentis
756 2364 788 2428 et
810 2363 1037 2428 calamitatibus
1060 2365 1206 2442 involuta,
1237 2384 1366 2448 quarum
1388 2365 1501 2448 utrique

258 2477 451 2562 prudentiam
474 2480 505 2542 et
535 2479 745 2544 auctoritatem
777 2481 862 2544 trram
885 2480 917 2544 et
939 2479 1051 2544 auxilio
1082 2482 1113 2544 et
1134 2480 1307 2545 levamento
1331 2499 1397 2545 esse
1420 2499 1501 2564 posse

256 2593 520 2676 intelligebamus3
544 2613 672 2677 cumque
687 2597 718 2660 et
733 2595 830 2660 virtus
854 2597 907 2659 tus
922 2595 1042 2672 eximia,
1066 2597 1098 2660 st
1112 2595 1248 2661 familiae
1263 2598 1334 2661 tuae
1358 2595 1502 2678 splendor.

256 2709 553 2792 clarissimorumque
583 2710 616 2774 in
638 2729 672 2774 ea
696 2730 775 2775 nunc
799 2711 931 2776 virorum
962 2713 993 2775 et
1015 2711 1186 2794 principum
1217 2711 1349 2776 maxime
1378 2711 1501 2776 virtutes

255 2845 347 2909 ecque
378 2825 410 2889 in
433 2823 605 2890 defensione
636 2844 721 2890 verae
744 2829 775 2890 et
805 2826 946 2916 antiquae
976 2826 1048 2891 fidei
1076 2828 1108 2891 et
1130 2827 1163 2891 in
1193 2827 1305 2892 honore
1327 2825 1445 2892 Christi
1472 2846 1501 2890 ac

254 2941 345 3007 huius
369 2943 490 3006 sanctae
514 2940 593 3005 sedis
609 2940 760 3025 dignitate
781 2941 947 3012 retinenda,
970 2943 1001 3006 et
1017 2961 1135 3024 semper
1150 2943 1236 3017 alias,
1259 2944 1290 3007 et
1313 2961 1392 3007 nunc
1416 2929 1500 3027 p'rae·

255 3057 342 3141 cipue
363 3059 487 3140 paratas
510 3057 581 3121 ante
604 3057 705 3122 oeulos
721 3056 809 3121 nohis
832 3057 1070 3134 obversarentur,
1093 3059 1159 3140 pati
1181 3077 1241 3123 non
1264 3059 1420 3140 potuimus
1436 3077 1500 3122 am-

254 3172 335 3256 plius
359 3190 476 3237 moram
499 3173 604 3250 ullam,
628 3173 801 3256 vocatisque
817 3175 939 3238 tuemm
961 3163 1062 3238 rer'um
1078 3175 1110 3238 et
1132 3174 1328 3257 negociorum
1343 3175 1502 3240 actoribus.

255 3288 444 3354 ostendimus
467 3287 531 3354 illis
554 3307 609 3352 nos
633 3286 698 3364 tibi,
722 3290 822 3353 cetero
844 3288 967 3372 quidem
991 3289 1093 3354 omnia
1116 3289 1210 3354 libere
1234 3308 1269 3356 ac
1291 3290 1432 3368 libenter,
1456 3309 1500 3353 rs·

254 3404 422 3470 tentionem
438 3423 507 3469 vero
524 3403 762 3468 Wormaoiensis
786 3405 988 3470 coadiutoriae
1003 3407 1034 3469 et
1049 3406 1270 3471 successionem
1293 3406 1401 3471 deinde
1424 3407 1457 3471 in
1472 3424 1503 3470 ea

256 3520 294 3586 od
318 3521 438 3602 tempus
463 3539 513 3584 ser
537 3519 689 3584 mensium
712 3521 743 3584 et
765 3522 918 3602 praeterea
942 3519 980 3584 ad
1002 3521 1142 3585 nostrum
1165 3523 1196 3585 ct
1219 3521 1300 3586 sedis
1323 3521 1504 3604 apostolicae

255 3635 480 3718 beneplacitum
502 3653 710 3700 concessuros:
741 3638 775 3700 ut
798 3637 842 3701 sio
865 3639 895 3701 et
924 3635 1055 3718 priorem
1079 3636 1328 3702 deliberationem
1358 3639 1503 3702 nostram.

256 3751 354 3835 quoad
376 3751 496 3817 licitum
520 3754 601 3816 esset
623 3770 878 3830 conservaremus,
902 3753 933 3816 et
954 3751 1156 3817 nihilominus
1172 3753 1418 3818 satisfaceremus
1440 3753 1504 3817 tihi.

254 3868 303 3932 cui
325 3867 492 3950 plurimum
522 3867 661 3949 cupimus
691 3885 758 3932 esse
782 3867 981 3932 satisfactum.
1028 3865 1127 3946 Quam
1157 3867 1340 3932 decisionem
1369 3870 1503 3932 nostram

254 3989 289 4048 ut
313 3982 345 4046 in
368 4001 436 4047 eam
459 3985 577 4065 partem
593 3983 732 4065 accipias,
756 3983 788 4047 in
804 4002 894 4066 quam
919 4001 973 4048 nos
990 3982 1048 4046 tibi
1070 3983 1187 4059 domus,
1211 3982 1401 4048 devotionem
1422 3985 1503 4047 tuam

254 4117 436 4182 magnopere
465 4099 637 4164 hortamur:
668 4099 832 4164 nonenim
864 4100 1002 4164 volumus
1026 4100 1056 4162 te
1078 4099 1291 4180 pertimescere
1321 4098 1502 4163 brevitatem

254 4215 408 4298 temporis,
438 4235 507 4280 cum
531 4215 755 4298 beneplacitum
777 4215 855 4280 illud
885 4213 982 4298 possit
1005 4213 1175 4297 prorogari:
1206 4233 1300 4296 neque
1330 4211 1503 4278 existimare

252 4331 282 4395 te
305 4331 336 4394 et
358 4331 411 4395 tua
427 4349 534 4414 parum
550 4332 638 4397 nohis
661 4351 729 4396 esse
744 4349 840 4407 curae,
864 4331 959 4394 immo
974 4329 1030 4394 hoc
1046 4329 1163 4394 eertum
1178 4329 1367 4411 exploratum
1390 4327 1503 4392 habeas

253 4445 402 4524 volumus,
432 4466 487 4512 nos
511 4448 547 4514 de
570 4447 717 4532 augendis
748 4465 875 4532 semper,
905 4444 1025 4511 nonde
1051 4444 1233 4524 minuendis,
1257 4443 1319 4509 tuis
1341 4442 1504 4510 honoribus
