3258 4904
773 369 1019 439 -4‘18-

359 568 559 655 Pririlegium
586 586 682 652 papae
704 566 870 636 Clementis
901 587 990 652 super
1012 568 1205 636 restitutione
1234 568 1348 636 iunium
1375 569 1504 638 oculeum

269 685 519 753 Ravennatensia.

357 799 498 868 Clemens
527 799 686 883 episcopus
716 817 820 864 servus
851 818 1006 866 servorum
1028 799 1095 879 Dei,
1125 801 1249 869 senous
1278 800 1505 867 &cormunis

269 917 413 984 eeclesiae
436 915 636 999 omnibusque
659 913 771 980 futuris
792 914 826 980 in
848 913 904 980 illa
932 913 1166 1000 archiepiscopis
1188 933 1242 999 per
1263 935 1332 982 eam
1354 917 1388 982 in
1408 935 1504 1000 perpe·

268 1035 364 1099 tuum.
393 1030 470 1098 Cum
494 1029 533 1096 ad
555 1049 611 1096 nos
633 1029 829 1096 ecclesiarum
852 1049 924 1096 cura
946 1029 1097 1115 respiciat,
1120 1033 1151 1097 et
1172 1031 1209 1097 de
1233 1031 1364 1117 singuHs
1384 1030 1505 1117 cogitare

267 1147 434 1226 conveniat,
450 1148 480 1212 et
495 1164 531 1211 er
547 1145 648 1212 debito
664 1145 798 1229 suscepti
813 1145 973 1229 regiminis
989 1146 1131 1212 omnihus
1140 1165 1199 1213 nos·
1210 1147 1366 1231 prouidere
1381 1149 1507 1232 oporteat

267 1261 439 1347 specialiter
461 1261 574 1340 tamen
597 1261 628 1326 et
650 1260 782 1327 maxime
804 1260 1031 1327 Rauematensi
1061 1261 1231 1346 prospicere
1253 1262 1399 1332 debemus
1420 1261 1506 1328 eccle-

267 1379 330 1445 siae
353 1377 402 1444 cui
423 1395 603 1461 praesumus
625 1375 690 1442 Dee
713 1374 846 1460 propicio
867 1378 904 1441 ut
919 1393 1047 1460 sponsae
1069 1377 1101 1442 et
1122 1375 1205 1444 tiliae
1227 1375 1319 1443 huius
1341 1377 1438 1463 igitur
1451 1377 1504 1442 mi-

266 1494 362 1560 serias
383 1491 479 1559 nimis
501 1490 722 1576 aegreferentes
745 1492 776 1557 et
797 1491 947 1575 quantum
969 1491 1002 1557 in
1024 1492 1114 1558 nobis
1136 1493 1184 1559 est
1206 1495 1366 1576 amputare
1381 1493 1506 1558 volentes

265 1611 323 1677 hoo
345 1607 472 1676 remedii
493 1625 603 1693 genere
624 1607 682 1673 hoc
704 1605 825 1672 consilii
847 1605 984 1673 antidoto
1013 1607 1138 1673 tandem
1161 1607 1321 1676 subvenire
1343 1607 1507 1674 curarimus

265 1727 300 1791 ut
314 1722 513 1792 consideratis
527 1721 698 1807 privilegiis
713 1739 767 1806 per
781 1721 973 1788 dmosaorum
995 1723 1168 1790 nostrorum
1182 1723 1390 1790 Romanorum
1412 1722 1505 1808 porti-

264 1841 365 1920 tieum,
388 1841 419 1906 et
440 1837 608 1922 praeceptis
629 1838 856 1921 imperatorum,
887 1855 964 1922 quae
985 1837 1019 1904 in
1047 1838 1182 1904 archivio
1206 1839 1328 1904 uoehae
1351 1839 1505 1904 Ravenna·

264 1955 362 2023 tende
377 1953 521 2021 eeclesiae
536 1951 729 2019 continentur
743 1969 949 2037 quaecumque
963 1951 996 2018 in
1010 1951 1075 2018 illis
1090 1954 1235 2038 leguntur
1248 1953 1404 2040 privilegii
1417 1953 1507 2020 noehi
1613 1981 1614 1986 ¹

264 2069 460 2154 stipulatione
482 2068 622 2134 mmetur
643 2067 679 2133 ut
701 2066 832 2133 sublatis
853 2065 891 2134 de
913 2069 1012 2135 cetero
1034 2068 1207 2135 seminariis
1230 2069 1343 2150 litium
1372 2087 1427 2136 nec
1447 2067 1504 2140 Ro-

263 2201 356 2251 mam
377 2183 504 2251 ecelesia
525 2181 751 2250 Ravennatensi
774 2181 917 2250 ecclesiae
939 2185 1038 2249 mater
1059 2183 1142 2250 filiae
1165 2202 1236 2251 suae
1251 2185 1399 2252 iniuriam
1420 2181 1507 2250 hciat

263 2319 319 2367 nec
341 2299 434 2366 maht
455 2298 520 2364 tilia
542 2297 729 2364 conhadicat
756 2297 809 2365 aed
831 2297 1014 2383 dignitatem
1038 2317 1125 2364 suam
1148 2300 1275 2384 utraque
1297 2299 1458 2384 possideat,
1479 2297 1507 2362 et

263 2414 371 2484 deinde
386 2415 512 2490 melius;
527 2413 600 2498 quid
614 2413 679 2481 Deo
693 2412 863 2493 iucundius,
878 2430 970 2498 quam
986 2413 1129 2480 scaudala
1144 2415 1249 2482 tollere
1264 2415 1336 2481 lites
1351 2415 1507 2500 reprimere

262 2551 368 2618 pacem
383 2547 560 2615 componere
575 2529 772 2596 ecelesiarum
793 2529 984 2596 concordiam
998 2528 1122 2596 videre?
1144 2529 1206 2596 hiis
1220 2530 1305 2597 Deus
1320 2531 1459 2608 laetatur,
1479 2529 1507 2593 et

262 2646 383 2732 gaudet,
406 2647 438 2712 et
451 2645 567 2712 tahbus
583 2662 673 2729 super
691 2661 780 2711 omne
801 2644 984 2711 sacrifidum
1004 2645 1143 2729 placatur
1158 2646 1344 2712 muneribus.
1376 2643 1505 2712 Censen

261 2761 410 2828 tientibus
432 2760 537 2846 igitur,
566 2761 597 2826 et
619 2759 863 2826 collaudantibus
892 2759 991 2844 primo
1013 2760 1219 2826 cardinalibus
1240 2759 1356 2827 nostris
1378 2759 1506 2826 Roherto

263 2877 362 2944 sancti
383 2875 488 2956 Marci,
511 2876 543 2941 et
565 2875 729 2942 Anastasio
752 2876 875 2942 sanotae
896 2873 1078 2942 Anasmsiae
1107 2875 1320 2956 conhatribus,
1349 2875 1381 2942 et
1409 2873 1505 2958 mapi-

262 2995 361 3078 scopis
384 2991 497 3059 nostris
520 2991 658 3058 Rolando
680 2989 856 3058 Tarvisium
889 2991 1016 3058 Millone
1039 2990 1180 3060 Pudoano
1203 2989 1506 3058 demoliendo

261 3110 392 3176 Fulcone
405 3105 703 3191 Forosemproniensi
717 3106 852 3173 'lebaldo
868 3104 1049 3186 Castellum,
1065 3105 1193 3192 aliisque
1208 3107 1440 3191 quampluribus
1457 3103 1506 3190 qui

260 3224 343 3291 fuere
363 3225 520 3308 presentes
548 3221 640 3289 huius
669 3223 767 3288 nostri
796 3221 949 3307 privilegii
978 3222 1158 3289 crebritate
1187 3222 1403 3290 confirmamus
1432 3239 1504 3306 quo·

261 3358 389 3424 cumque
411 3339 444 3405 in
466 3337 637 3423 privilegiis
660 3338 866 3406 Romanorum
896 3337 1074 3422 pontificum
1097 3337 1248 3422 leguntur,
1278 3337 1378 3416 Pauli,
1401 3335 1506 3422 Sergii

260 3454 427 3535 Anastasii,
450 3454 568 3534 Leonis,
583 3452 720 3533 Adriani,
743 3453 882 3539 hugonii,
897 3452 1019 3532 Marini,
1037 3453 1194 3538 hgahithi,
1209 3449 1359 3539 Gregorii,
1381 3455 1413 3519 et
1427 3453 1505 3518 oete·

260 3591 372 3650 rorum,
394 3570 470 3637 item
493 3572 634 3654 precepta
655 3568 873 3653 imperatorum
895 3569 1074 3648 Justiniani,
1096 3567 1268 3648 Theodosii
1291 3566 1507 3642 Valentiniani,

259 3686 413 3766 badonici,
432 3683 541 3764 Caroli,
557 3683 689 3764 Ottonia,
710 3683 848 3764 Conradi,
863 3683 988 3751 Henrici
1003 3685 1033 3751 et
1047 3685 1186 3764 aliorum,
1202 3702 1307 3751 omnes
1323 3683 1506 3758 donationes,

260 3803 291 3868 et
320 3804 527 3868 concessiones
555 3801 677 3866 illorum
708 3819 784 3885 quas
806 3801 977 3867 Ravennati
1006 3800 1112 3866 iecisse
1140 3799 1339 3884 perhibentur
1366 3798 1507 3865 ecclesiae

259 3919 324 3983 tam
341 3916 598 4002 inepiscopatibus
620 3934 712 4000 qnam
734 3917 768 3982 in
789 3915 922 3983 abbatiis
937 3917 1141 3996 comitatibus,
1160 3918 1301 3983 exmcatu
1323 3913 1506 3997 caeterisque

260 4032 423 4114 similibus,
446 4051 522 4118 quae
536 4031 570 4097 in
584 4032 755 4116 privilegiis
778 4033 809 4098 et
823 4032 992 4116 praeceptis
1014 4032 1134 4116 plenius
1148 4032 1302 4098 hahentur
1323 4031 1414 4098 huius
1429 4029 1504 4096 acri·

259 4149 365 4232 pturae
387 4149 508 4214 noshae
523 4145 726 4214 affirmatione
748 4146 904 4213 munimus
920 4148 1113 4214 decernentes
1135 4148 1167 4213 et
1188 4147 1370 4213 auomritate
1384 4147 1503 4230 aposto·

258 4261 318 4328 lica
341 4264 510 4329 sumentes
526 4263 561 4327 nt
576 4262 603 4328 si
618 4263 687 4346 quis
702 4265 807 4330 contm
829 4262 886 4329 hoc
908 4265 1047 4329 nostrum
1062 4261 1257 4347 privilegium
1279 4261 1382 4329 venire
1403 4263 1503 4328 one-

259 4377 346 4455 verit,
369 4377 396 4440 si
410 4378 479 4459 quis
493 4377 696 4442 contradictor
709 4378 844 4443 extiterit
867 4379 909 4443 sit
931 4379 1093 4444 anathema
1108 4377 1298 4458 Maranatha
1322 4380 1421 4464 aitque
1436 4395 1504 4462 pers

260 4487 325 4554 eius
348 4506 417 4554 cum
432 4488 542 4567 Pilato,
564 4489 682 4556 Herode
697 4493 728 4557 et
742 4490 764 4556 J
765 4491 824 4557 uda
845 4492 997 4560 traditore.
1031 4491 1116 4574 Quod
1132 4495 1166 4559 ut
1180 4494 1292 4560 certius
1308 4494 1453 4572 credatur,
1475 4493 1504 4558 et
