3152 4902
561 340 627 370 .-
673 303 736 372 165
781 340 826 352 -

96 501 170 567 nobis
191 521 274 586 spem
298 519 417 585 semper
439 503 470 566 et
492 499 634 566 fiduciam
664 501 804 578 teneatis,
826 521 881 566 nos
904 499 1010 568 honori
1033 500 1190 567 commodo
1213 499 1326 584 ampli-

94 615 178 683 tudini
200 619 316 684 restrae
340 617 393 683 nbi
408 617 500 683 fuerit
521 617 627 682 datum
651 635 806 701 nunquam
830 636 896 684 ease
914 617 1077 684 defuturos.
1123 615 1239 682 Datum
1261 615 1324 682 Ro·

92 751 151 800 nae
168 733 214 800 die
235 753 283 800 aa
304 733 384 800 Julii
406 734 525 801 mdxxr.
569 733 658 802 Anno
681 734 822 803 secundo.

638 848 761 936 (Foris).

293 965 372 1050 Regi
394 967 426 1032 et
447 965 583 1051 Regiaae
606 966 750 1034 Poloniee
771 965 808 1032 de
831 966 951 1032 Ducatu
974 964 1111 1032 Barcaei

666 1228 736 1294 123.

551 1395 637 1466 Regi
660 1393 841 1453 poloniae.

162 1549 325 1615 Carissimo
347 1549 402 1615 ete.
448 1548 629 1632 Accepimus
653 1549 754 1632 plures
777 1564 836 1614 uno
859 1547 993 1630 temporo
1010 1551 1099 1612 ser.tis
1119 1547 1170 1612 tue
1192 1546 1321 1624 litteras,

87 1665 236 1748 inquibus
259 1685 314 1732 nos
336 1684 406 1732 cum
424 1664 462 1733 de
483 1663 614 1730 induciis
637 1683 706 1730 cum
721 1663 888 1728 Turearum
910 1662 1045 1746 principe
1067 1662 1157 1728 factis
1179 1662 1321 1730 certiores

86 1779 188 1857 reddis3
210 1783 278 1846 tum
299 1799 353 1866 pro
377 1783 429 1846 tuo
447 1781 531 1864 pacis
555 1779 664 1860 studio,
687 1798 799 1864 proque
814 1781 845 1846 et
867 1779 980 1846 nostris
1004 1781 1035 1845 et
1056 1777 1319 1861 praedecessorum

86 1899 242 1964 nostromm
265 1915 300 1962 ae
323 1897 452 1964 aliorum
475 1896 647 1982 principum
662 1897 898 1964 christianorum
921 1894 1144 1962 hortationibus
1167 1897 1198 1962 et
1220 1895 1318 1978 preci-

87 2011 141 2090 bus
167 2033 213 2079 res
243 2013 449 2097 composuisse
476 2031 546 2079 cnm
576 2013 725 2098 magistro
748 2013 891 2079 Prassiae
921 2011 1085 2096 significas,
1115 2013 1260 2096 vetusque
1289 2015 1321 2080 ot

85 2125 249 2196 diuturnum
271 2131 351 2196 inter
374 2148 427 2196 roa
451 2129 575 2209 bellum,
605 2149 664 2214 qua
688 2128 754 2196 fieri
775 2149 856 2197 nuno
879 2129 978 2214 potuit
1000 2129 1126 2207 ratione,
1149 2127 1319 2196 sustulisse.

86 2241 132 2309 uni
152 2245 268 2330 auique
290 2245 371 2312 iacto
394 2247 447 2313 tuo
462 2247 552 2330 atque
575 2245 710 2326 oonsilio,
733 2265 785 2312 eas
803 2245 936 2312 rationes
959 2245 1056 2324 effere,
1079 2263 1156 2328 quae
1178 2243 1238 2311 tibi
1259 2263 1320 2312 uon

85 2361 161 2427 nodo
174 2363 354 2446 probabiles,
378 2362 592 2428 verumetiam
614 2363 801 2428 necessariae
817 2362 899 2428 risae
915 2363 995 2440 sunt
1018 2379 1129 2446 eaeque
1150 2361 1185 2428 in
1206 2361 1320 2428 litteris

84 2477 148 2558 ipsis
168 2479 229 2544 tuis
244 2481 314 2562 apto
337 2479 369 2544 et
383 2477 545 2562 prudentor
567 2477 727 2562 expositae.
765 2479 810 2544 Ao
833 2497 888 2544 noe
904 2477 1027 2562 quidem
1050 2477 1087 2544 de
1101 2475 1232 2544 induciis
1247 2495 1317 2545 curn

83 2591 287 2672 intentastis,
309 2595 453 2679 quoniam
476 2597 510 2659 tu
532 2613 675 2677 praesens
698 2595 784 2676 regni
808 2595 854 2659 tui
876 2593 1073 2660 necessitates
1095 2611 1185 2661 nosse
1207 2593 1318 2660 melius

83 2712 164 2790 potes
186 2711 259 2776 dnm
282 2711 368 2776 salva
390 2713 443 2776 tua
465 2711 497 2776 et
518 2712 639 2776 tuorum
662 2710 801 2777 affinium
825 2729 860 2776 ao
883 2710 1050 2777 vicinorum
1073 2711 1245 2794 principum
1267 2710 1316 2777 di·

82 2825 194 2906 gnitate,
217 2827 283 2894 eine
306 2826 379 2892 ullis
402 2825 516 2908 iniquis
538 2828 570 2892 et
592 2827 719 2894 abiectis
748 2825 972 2892 conditionibus
994 2827 1091 2892 factae
1115 2827 1191 2902 sint3
1222 2845 1317 2910 neque

82 2939 194 3008 tendant
208 2944 241 3008 in
264 2943 412 3008 icaunam
428 2945 459 3008 et
474 2942 691 3009 detrimentum
707 2942 841 3009 nominis
856 2941 1024 3020 christiani,
1048 2941 1127 3026 quod
1142 2961 1197 3008 nos
1213 2944 1317 3010 tamen

82 3057 125 3122 tua
151 3058 218 3126 freti
249 3059 399 3142 sapientia
428 3061 459 3124 et
488 3058 699 3143 magnitudine
728 3059 824 3124 animi
853 3057 1047 3136 confidimus,
1077 3077 1239 3142 possumus
1269 3059 1317 3124 rel

82 3175 253 3257 acquiescere
276 3175 333 3240 hoc
355 3177 498 3258 tempore,
528 3175 576 3240 rel
600 3174 709 3242 saltem
733 3175 905 3248 connivere;
935 3173 1071 3258 nihilque
1100 3173 1316 3240 existimares

83 3303 152 3354 seros
170 3293 222 3356 tna
246 3291 314 3356 sine
336 3291 468 3356 marimo
491 3290 618 3357 consilio
648 3289 742 3356 finisse
765 3290 888 3363 facturn,
918 3290 1037 3374 quando
1061 3289 1256 3356 memmium
1279 3291 1315 3356 de

81 3405 161 3480 teet
180 3407 285 3473 nostm
299 3405 442 3492 inprimis
464 3409 510 3472 est
534 3406 650 3490 opinio;
673 3425 770 3490 neque
792 3407 958 3490 tepropter
981 3404 1173 3490 pmdentiam
1196 3405 1264 3472 falli
1283 3405 1315 3472 in

81 3521 201 3588 consiliis
223 3521 378 3606 capiendis
400 3541 504 3606 possm
533 3541 629 3606 neque
651 3522 773 3606 propter
795 3523 971 3606 perpetuam
1001 3524 1031 3588 et
1053 3522 1260 3604 praestantem
1283 3521 1315 3588 in

83 3633 167 3702 Deum
188 3639 427 3722 omnipotentem
449 3638 542 3705 fidem
565 3640 596 3704 et
618 3637 805 3722 religionem,
827 3638 989 3722 quiequam
1012 3637 1096 3704 illins
1119 3637 1241 3703 nomine
1263 3637 1313 3702 in-

82 3747 194 3834 dignum
215 3753 423 3820 admissurum
446 3756 499 3820 aut
515 3754 712 3838 probaturum
736 3773 816 3829 essm
840 3773 908 3818 curn
932 3753 997 3838 ipse
1019 3755 1199 3837 praesertim
1221 3754 1313 3838 polli-

81 3883 160 3947 ceare,
181 3869 207 3935 si
228 3870 279 3936 his
301 3870 457 3936 intestinis
481 3889 516 3936 ae
538 3888 614 3953 pene
636 3869 777 3936 civilibus
801 3869 895 3934 armis
911 3867 1066 3953 depositis,
1089 3888 1165 3952 quae
1188 3869 1311 3934 christi-

81 3981 212 4050 anitatem
227 3987 326 4052 totam
341 3987 545 4064 cruentarunt,
564 3985 812 4052 armaeommuni
829 3985 929 4050 studio
944 3986 976 4051 in
992 4003 1183 4051 communem
1193 3984 1313 4050 hostem

83 4102 286 4180 convertantur,
316 4103 347 4168 te
377 4103 515 4185 publicae
538 4119 646 4168 causae
669 4119 729 4167 non
753 4101 935 4180 donaturum,
965 4119 1057 4184 qnam
1081 4099 1312 4184 promissionem

82 4211 154 4279 tuam
175 4215 298 4300 dignam
322 4219 376 4282 tue
399 4217 457 4284 tide
480 4219 569 4300 atque
593 4217 772 4294 constantia,
802 4217 846 4282 sic
869 4217 1043 4300 accipimus,
1067 4218 1101 4281 nt
1124 4215 1221 4280 simus
1244 4234 1312 4280 eam

83 4343 129 4392 suo
153 4332 283 4416 tompore
313 4333 480 4417 repetituri.
536 4332 618 4398 sslnd
648 4335 749 4398 autem
780 4333 925 4410 alterum,
955 4332 1035 4416 qnod
1064 4351 1133 4398 curn
1163 4329 1312 4414 magistro

83 4439 188 4512 Proseis
208 4449 245 4514 ad
268 4467 374 4534 paoem
390 4453 421 4515 et
436 4448 627 4516 concordium
649 4449 806 4530 decennii,
829 4448 992 4534 praeclaris
1008 4447 1112 4532 ntique
1135 4445 1309 4513 nominibus
