3128 4908
783 301 1028 374 -196-

277 497 409 565 vendam
432 498 625 564 vehementer
652 497 741 564 nobis
770 500 894 582 gratnm
917 500 973 565 eat.
1018 495 1078 565 Sed
1098 499 1132 565 in
1154 499 1211 567 hoc
1237 501 1395 586 praecipue
1421 502 1505 567 atten-

277 615 376 682 denda
398 618 446 682 est
467 615 594 681 libertas
618 617 648 680 et
671 615 756 699 quies
779 615 896 694 Italiae,
919 615 969 681 cui
990 617 1021 681 te
1043 635 1160 700 quoque
1182 616 1343 702 suffragari
1364 636 1418 702 pro
1438 635 1505 684 com·

277 732 364 798 muni
386 732 522 797 utilitate
544 730 728 797 christianae
750 731 933 816 reipublicae
963 751 1024 798 non
1046 731 1231 800 dubitamus.
1276 733 1393 801 Multos
1420 737 1505 800 auten

277 850 314 916 ‹le
328 850 417 916 uobis
433 849 589 915 oblocutos
605 866 679 926 esse,
702 865 814 913 novum
829 848 917 913 nobis
940 866 1002 914 non
1024 849 1084 924 eet;
1100 848 1216 932 partim
1233 849 1317 916 enim
1330 851 1505 936 ningues

276 965 418 1051 quadam,
439 963 553 1049 partim
568 965 604 1029 ut
618 963 751 1048 augeant
773 982 809 1028 ac
822 964 1019 1047 promoveant
1040 963 1175 1030 actiones
1198 983 1269 1030 suaa
1284 967 1388 1032 nostro
1403 965 1507 1032 nemim

276 1081 354 1148 falso
369 1080 461 1147 multi
481 1079 570 1145 ebusi
592 1080 665 1145 sunt
687 1081 718 1144 et
739 1079 913 1144 abnbrntur.
960 1076 1019 1145 Sed
1041 1077 1139 1144 exitus
1155 1098 1257 1146 rerum
1272 1082 1304 1146 et
1318 1082 1507 1149 conclusiones

275 1197 360 1282 ipsae
382 1195 479 1262 alium
500 1195 535 1262 iu
556 1193 645 1261 nobis
668 1193 807 1261 animum
829 1194 1002 1275 ostendunt,
1026 1194 1120 1260 salvis
1137 1195 1220 1260 euim
1242 1195 1370 1263 coeteris
1384 1199 1508 1264 omnbus

275 1332 352 1398 quae
373 1312 413 1380 ad
435 1311 508 1378 boni
521 1309 674 1395 pontificis
690 1310 825 1376 officium
846 1310 1007 1394 pertinent,
1030 1310 1110 1377 nihil
1124 1311 1212 1378 nohis
1235 1311 1373 1378 amicitia
1387 1310 1508 1379 Caesario

275 1447 410 1514 uuquam
441 1427 580 1494 futurum
610 1428 658 1493 est
695 1426 829 1511 gratius,
858 1427 937 1511 quod
966 1426 1095 1494 dilectus
1130 1427 1213 1493 lilius
1249 1427 1507 1495 commendatarius

275 1545 400 1611 llerrera
421 1543 461 1610 ab
482 1542 549 1627 ipso
571 1541 686 1608 missus
715 1525 862 1626 praesens
886 1543 987 1627 potuit
1009 1561 1195 1628 cognoscere
1240 1541 1306 1610 Nos
1334 1543 1507 1612 devotionem

275 1662 362 1727 tuam
383 1659 418 1726 in
439 1657 571 1726 Domim
600 1658 759 1724 hortamur
780 1659 817 1723 ut
838 1676 928 1742 agere
950 1659 982 1725 et
1003 1677 1107 1725 curare
1137 1657 1217 1743 apud
1238 1658 1343 1744 ipsum
1365 1657 1507 1727 messem

275 1775 360 1854 velis,
383 1776 517 1859 atquae
541 1773 578 1839 ad
600 1791 707 1859 pacem
729 1773 839 1840 ltaliae
861 1774 1004 1858 primum,
1036 1773 1143 1841 deinde
1165 1773 1261 1840 totim
1290 1771 1510 1842 christianiatis

274 1890 437 1976 pertinent
467 1889 632 1973 sicutipse
662 1907 751 1972 saepe
774 1888 908 1954 ostendit
930 1891 961 1956 et
982 1890 1136 1973 pollicitus
1165 1891 1221 1970 eet
1244 1890 1301 1957 hoc
1329 1891 1509 1976 potissimum

273 2006 409 2091 tempore
430 2007 630 2088 praestentur,
654 2007 689 2068 ut
710 2021 787 2089 quae
802 2005 841 2070 ad
856 2004 942 2070 illius
957 2023 1062 2072 veram
1078 2005 1313 2090 amplitudinem
1327 2005 1508 2092 potissimum

274 2123 306 2188 et
333 2122 372 2188 ad
401 2122 487 2186 tuem
516 2120 610 2185 etiam
640 2119 880 2186 satisfactionem
908 2120 1070 2205 pertinent
1099 2139 1192 2205 quam
1213 2139 1269 2187 nos
1290 2121 1324 2188 in
1354 2117 1509 2208 praecipuis

272 2235 387 2304 nostris
409 2234 645 2320 cogitationibus
668 2234 825 2315 habemns,
848 2254 867 2300 a
888 2235 976 2303 nobis
990 2236 1111 2321 possint
1132 2235 1261 2303 celerius
1282 2237 1315 2304 et
1337 2238 1444 2304 malim
1463 2253 1508 2302 ex·

272 2352 378 2437 pediti.
424 2349 510 2418 Sicut
532 2370 568 2416 er
590 2351 692 2436 legato
715 2353 746 2416 et
768 2351 878 2417 nuncio
900 2352 1013 2418 nostrie
1036 2351 1201 2437 intelliges,
1223 2351 1335 2437 quibus
1356 2351 1446 2419 fidem
1458 2351 1509 2417 lu-

272 2468 369 2536 bebis.
412 2468 530 2534 Datum
551 2467 667 2534 Romae
689 2467 745 2533 etc.
774 2465 824 2534 (lie
845 2464 920 2534 xiiii
943 2466 1120 2535 Decembris
1149 2466 1267 2534 mdur.
1323 2465 1510 2536 Pontltlmtus

274 2583 372 2650 nostri
394 2601 473 2650 enno
495 2582 594 2650 tertio.

866 2841 939 2910 151.

804 3004 998 3068 Caesari.

363 3161 535 3228 Carissimo.
568 3159 726 3226 Adventus
742 3159 846 3226 dilecti
866 3160 924 3225 filii
946 3159 1197 3228 commendatarii
1211 3161 1335 3227 renero
1357 3162 1389 3228 et
1402 3160 1510 3226 litterae

274 3278 367 3344 simul
389 3277 560 3343 maiestatis
583 3278 653 3342 tuae
675 3276 719 3340 ita
740 3277 847 3360 gratae
869 3275 957 3341 nobis
980 3278 1011 3340 et
1032 3277 1098 3341 tam
1117 3279 1283 3360 opportuno
1305 3278 1439 3362 tempore
1457 3272 1508 3339 acl·

272 3395 427 3472 venerunt,
444 3395 478 3457 ut
492 3391 571 3457 nihil
585 3392 782 3475 opportunius
797 3392 865 3458 fieri
878 3393 1022 3474 potuerit;
1035 3391 1157 3476 magnis
1172 3392 1254 3458 enim
1269 3392 1406 3459 motibus
1419 3408 1510 3458 rerum

271 3528 325 3595 per
346 3511 417 3575 tuae
440 3512 530 3575 ser.tis
550 3507 744 3592 prudentiam
765 3508 797 3573 et
819 3507 854 3573 nt
876 3506 1056 3573 confidimus
1079 3508 1228 3592 optimam
1250 3526 1323 3592 erga
1346 3507 1508 3575 libertatern

272 3629 303 3691 ct
324 3644 430 3709 pacem
451 3623 560 3690 Italiae
588 3623 780 3708 quietemque
801 3622 897 3689 totius
919 3621 1153 3688 christianitatis
1175 3623 1375 3702 voluntatem,
1397 3619 1510 3688 conam·

272 3743 339 3806 tum
368 3740 434 3807 erit.
480 3737 566 3819 Quod
595 3740 630 3803 ut
652 3739 802 3805 Dominus
831 3739 915 3803 Deus
946 3756 1001 3803 sua
1022 3738 1229 3804 misericornia
1257 3737 1380 3818 efficiat,
1411 3741 1511 3820 tuaque

272 3863 368 3923 ser.tes
391 3855 482 3922 solita
504 3855 618 3920 virtute
640 3857 671 3920 et
691 3853 869 3939 integritate
891 3852 1022 3934 adiuvet
1045 3856 1174 3920 eundem
1195 3853 1299 3939 ipsum
1322 3855 1423 3920 Deum
1443 3869 1509 3934 sup·

272 3972 367 4056 plicas
389 3971 591 4056 deprecamur.
637 3969 703 4035 Nos
724 3969 758 4034 in
780 3988 882 4035 amore
904 3970 936 4035 et
963 3968 1168 4037 benivolentia
1197 3969 1352 4035 neminem
1381 3968 1438 4036 tibi
1455 3985 1509 4032 nu·

272 4107 365 4172 quam
386 4085 588 4171 praeposituri
610 4104 724 4166 sumus,
747 4104 808 4151 nou
829 4085 1005 4151 dubitantes
1028 4085 1102 4170 quin
1124 4086 1159 4151 tu
1174 4085 1279 4152 eodem
1301 4103 1376 4170 erga
1397 4103 1449 4152 noe
1469 4079 1508 4146 sis

271 4201 391 4268 baturus
414 4203 525 4269 animo.
569 4202 610 4266 Et
640 4201 783 4285 quoniam
807 4200 843 4267 de
866 4201 916 4265 his
944 4203 1034 4266 rebus
1064 4201 1103 4266 ad
1125 4200 1251 4267 dilectos
1273 4199 1355 4266 filios
1383 4197 1509 4286 legatum

272 4321 303 4383 et
324 4317 470 4383 nuncium
492 4319 612 4383 nostros
635 4315 728 4381 latins
751 4315 844 4381 scribi
867 4315 1058 4395 mandamus,
1079 4316 1142 4401 ipsi
1155 4335 1227 4382 cum
1249 4323 1331 4382 ser.te
1352 4319 1406 4382 tua
1426 4311 1511 4397 agent

273 4433 304 4497 et
326 4450 362 4496 ea
382 4431 446 4499 illis
468 4430 561 4498 fidem
582 4449 705 4499 omnem
720 4431 860 4508 habebit;
883 4431 933 4496 hic
947 4451 1018 4498 vero
1041 4451 1147 4500 sumus
1169 4431 1264 4500 etiam
1285 4429 1425 4498 diffamas
1444 4443 1510 4494 oum
