3152 4902
557 314 781 385 ..98-

53 514 203 600 nosipsos
225 513 288 581 erit
308 511 466 600 quidpiam
480 511 652 580 muudum
675 509 740 579 sive
761 510 800 577 ab
823 509 893 576 aliis
908 510 1085 578 christianis
1106 511 1295 599 principibus

55 629 210 716 paudum
232 631 326 716 atque
354 628 590 715 impetrandum,
619 626 785 707 scribendo,
815 626 957 712 rogando,
987 627 1160 710 laborando,
1189 647 1295 696 omues

53 747 269 826 adhibebimus,
289 748 470 830 tantumque
492 761 547 829 pro
569 743 655 810 robis
678 743 830 810 enitemur
851 745 886 808 ut
901 743 928 809 si
950 743 1056 810 eodem
1078 744 1199 812 oriundi
1221 764 1295 812 sau-

52 861 133 946 guine
154 863 187 929 et
214 859 356 928 eiusdem
377 859 494 944 patriae
522 858 671 925 ebaritate
700 858 820 924 astricti
842 861 874 926 et
902 859 1032 944 obligati
1061 879 1197 927 essemus
1225 861 1296 946 plus

52 995 132 1060 agero
153 979 185 1044 et
207 977 288 1044 eniti
309 994 370 1043 uou
391 993 563 1060 possumus.
608 972 695 1056 Quod
717 973 816 1040 suetis
830 974 932 1058 magis
955 993 1048 1060 quam
1069 977 1171 1042 vorbis
1194 975 1227 1042 iu
1241 996 1295 1042 ve·

53 1095 140 1158 stram
163 1093 337 1158 utilitatem
359 1093 391 1158 ot
421 1089 508 1156 Sedis
530 1090 714 1175 spostolicae
743 1089 945 1170 commodum,
975 1090 1054 1175 quod
1077 1093 1239 1176 utrumque
1261 1113 1297 1158 er

51 1206 101 1272 buo
127 1226 159 1274 re
188 1207 383 1286 redundabit,
413 1225 519 1272 sumus
548 1206 708 1273 ostensuri.
754 1205 868 1272 Dabrum
901 1206 1016 1272 Romae
1044 1206 1094 1272 die
1121 1207 1204 1274 xviii
1237 1209 1296 1274 Fe·

53 1322 157 1387 bruerii
180 1322 304 1390 mdrxu
349 1323 439 1388 tuno
461 1321 599 1389 seeundo.

642 1581 695 1648 64„

540 1743 629 1808 nuel
652 1743 812 1824 opellae.

136 1901 259 1968 Dilecto
281 1901 336 1968 fili
381 1900 516 1968 Litterae
543 1903 615 1968 tuus
637 1899 687 1967 die
708 1921 735 1967 x„
758 1899 941 1968 Novembris
970 1901 1061 1970 datae
1087 1906 1196 1991 plenae
1224 1927 1299 1994 pru·

55 2015 166 2086 deutim
187 2036 226 2085 so
241 2018 276 2084 iu
290 2035 447 2084 summum
467 2017 569 2084 Deum
590 2015 748 2102 religiom
770 2018 802 2083 et
816 2035 889 2104 erga
903 2035 959 2084 uos
981 2019 1094 2086 amoris
1113 2021 1302 2108 smgrdurom

55 2133 135 2200 uobis
154 2133 311 2201 laetitiam
333 2133 517 2210 attuleruut;
538 2131 736 2218 eognovimus
750 2131 834 2198 euim
856 2153 891 2198 ex
913 2133 953 2198 iis
968 2133 999 2200 te
1013 2137 1202 2220 prestantem
1217 2141 1299 2224 opti-

57 2267 192 2334 mumque
219 2249 392 2335 prinoipem
420 2247 550 2334 dignum
578 2265 615 2314 ee
635 2248 796 2315 nobilitate
825 2266 903 2334 quae
924 2249 983 2316 tibi
1005 2251 1156 2320 maiorum
1178 2255 1301 2323 tuorum

57 2364 236 2434 obtinuatis
256 2363 437 2450 eximiisque
457 2363 624 2432 virtutibus
645 2363 760 2430 tradita
781 2364 838 2445 est,
867 2365 900 2430 et
920 2364 960 2430 iis
983 2366 1138 2436 benefieiis
1160 2388 1239 2455 quae
1261 2373 1300 2439 ab

56 2481 257 2567 omnipotente
279 2481 343 2548 Deo
371 2479 505 2566 plurime
533 2479 686 2565 saepiat,
715 2479 875 2547 defendere
902 2499 939 2548 eo
960 2483 1056 2549 tutmi
1084 2485 1221 2554 eiusdem
1242 2488 1302 2555 Dei

57 2614 171 2666 ausam
200 2615 296 2683 quam
326 2596 494 2662 multorum
523 2597 555 2661 ol
581 2594 747 2680 impiorum
776 2595 946 2662 satellitum
976 2615 1101 2666 suorum
1129 2600 1301 2672 ministerio

59 2709 204 2780 sathanas
228 2711 411 2778 lubetuotere
433 2713 466 2779 et
486 2711 654 2779 oouvellers
669 2713 810 2789 eousbu3
832 2711 886 2797 qui
906 2731 977 2780 eum
998 2714 1082 2780 omui
1101 2715 1206 2784 ordine
1227 2736 1299 2786 oou·

59 2827 118 2896 tuso
143 2831 176 2897 et
204 2828 345 2914 aequatis
372 2827 533 2894 homiuum
561 2825 709 2914 gradibus
736 2827 884 2913 plebeque
912 2827 1058 2896 adversus
1089 2830 1241 2918 prinsipes
1270 2836 1303 2901 et

60 2946 219 3029 superiores
241 2945 353 3029 ubique
367 2943 504 3024 inoitula
527 2944 627 3027 speret
642 2943 764 3010 sublata
777 2943 941 3010 maiestate
962 2944 1068 3030 legum
1082 2949 1301 3036 presertimque

58 3061 324 3128 eeclesiastioerum
345 3059 488 3126 omuibus
502 3060 566 3126 fore
581 3077 635 3126 suo
650 3058 801 3126 arbitratu
815 3058 936 3126 vireudi
950 3060 1119 3147 agendique
1136 3064 1301 3146 licentiam,

60 3173 193 3244 maula
215 3175 384 3243 oolluvioue
413 3193 534 3242 morum
555 3177 587 3242 st
608 3175 733 3242 lieentia
760 3175 954 3257 tememtatis
983 3195 1105 3243 omnem
1127 3178 1186 3246 Dei
1215 3200 1301 3247 rove-

60 3293 190 3375 routium,
213 3311 336 3360 omnem
358 3292 476 3358 uultum
496 3289 622 3377 pietatis
650 3290 818 3358 atreum
840 3293 872 3357 et
893 3291 1044 3359 abolitum
1065 3293 1104 3360 iri
1126 3297 1230 3380 putat;
1253 3298 1302 3364 oui

61 3425 109 3473 uos
139 3409 228 3495 graui
258 3410 291 3475 et
320 3408 445 3474 acerbae
475 3406 593 3492 aliquot
622 3406 686 3474 lem
716 3407 876 3474 nationum
913 3407 1084 3475 calamitati
1114 3413 1301 3481 ooouuimus

61 3525 199 3606 quantum
221 3543 385 3610 possumus
406 3524 439 3590 et
459 3523 608 3590 bortsudo
630 3523 662 3592 et
683 3522 833 3590 mouendo
855 3525 887 3588 et
907 3523 1080 3604 laborando,
1104 3526 1157 3593 sed
1179 3530 1300 3614 quomi-

62 3655 112 3702 uus
133 3641 256 3707 mutum
269 3639 439 3706 efficiamus
460 3640 610 3725 quantum
625 3638 772 3706 vellemus
795 3639 871 3705 dura
892 3637 967 3705 base
981 3641 1153 3724 temporum
1170 3644 1303 3712 oouditio

62 3756 104 3818 est
129 3757 219 3825 uobis
250 3755 483 3841 impedimento;
511 3774 572 3821 uon
602 3755 702 3822 solum
730 3754 813 3820 euim
841 3754 999 3821 heresibus
1029 3756 1083 3822 sed
1110 3759 1304 3844 grsussimis

64 3871 313 3956 atrocissimisque
341 3870 433 3938 bellis
455 3870 574 3955 agitata
604 3871 636 3938 et
658 3870 765 3937 uexata
786 3870 906 3936 laborat
934 3871 1102 3938 christiana
1123 3875 1304 3959 respublica,

64 3981 236 4070 inquorum
257 3987 382 4052 fremitu
403 3987 436 4053 et
463 3985 563 4052 lurore
591 3988 696 4052 nostra
724 3987 852 4070 paterna
872 4004 929 4052 ror
951 4005 1058 4071 paoem
1080 4005 1170 4054 orans
1192 3992 1224 4056 et
1246 4011 1302 4058 er-

65 4101 190 4170 elumuus
220 4103 319 4170 adhue
340 4121 402 4170 uou
422 4102 523 4188 potuit
552 4101 702 4180 exaudiriq
724 4121 780 4169 ueo
801 4102 980 4168 desistimus
1003 4105 1122 4181 tamem
1146 4106 1304 4192 Deumque

66 4217 143 4284 uobis
156 4221 228 4286 aute
249 4219 352 4286 oeulos
366 4219 521 4302 ponentes,
543 4217 641 4302 ipsius
657 4218 722 4286 sola
737 4217 944 4284 misericordia
958 4217 1147 4300 confidimus,
1166 4220 1303 4290 dolentes

66 4333 264 4418 stgemeutes
286 4334 358 4419 quia
379 4333 482 4400 omnia
503 4333 636 4400 liliorum
658 4335 832 4400 nostrorum
854 4336 885 4400 et
907 4334 1068 4400 obristieui
1089 4335 1177 4401 uobis
1199 4336 1305 4406 dfloeti

68 4450 159 4533 gregis
189 4449 382 4517 incommode
412 4449 504 4516 exitia
535 4449 741 4530 mumulus,
772 4451 878 4515 uestra
910 4450 982 4515 suut
1012 4449 1218 4530 incommode3
1250 4470 1306 4520 uee
