3128 4908
773 291 1020 362 ..205-

268 486 335 551 tom
348 484 517 552 voluntatis
531 487 653 553 nostrae
668 504 760 571 qoem
776 487 961 554 christianae
976 487 1160 572 reipublione
1173 490 1206 555 et
1219 487 1390 554 eommunis
1407 487 1496 554 minis

269 601 347 668 retio
369 601 417 668 est
439 600 586 668 hnbendn
633 599 714 683 Quin
735 601 838 688 itaque
852 603 1054 672 constitutum
1077 603 1200 670 anobis
1222 603 1274 682 sit,
1294 623 1332 670 ex
1352 603 1417 688 ipso
1428 603 1498 670 Iirio

270 716 445 802 inteliigent
473 719 580 784 nobe·
609 719 742 796 restrne;
772 719 883 803 quibus
904 721 937 786 ot
958 719 1081 803 probari
1109 721 1251 803 cupimus
1278 720 1338 786 hoo
1358 718 1498 786 semiim

269 807 417 912 nostrum,
440 833 471 898 ot
492 851 673 918 persuasum
686 853 762 914 esse,
784 834 923 918 ipsorum
943 853 1079 902 emerem
1101 837 1196 920 etque
1206 835 1346 902 animum
1367 853 1437 920 erge
1454 853 1498 900 nos

270 949 467 1034 singotsrem,
488 951 525 1014 nt
546 967 582 1016 eo
603 967 659 1016 sue
680 951 816 1035 tempore
830 950 878 1016 oti
898 951 1061 1036 possmus,
1083 970 1103 1017 e
1124 951 1214 1018 nobie
1228 951 1262 1017 in
1276 951 1421 1019 memoris
1440 969 1498 1016 oon·

269 1063 391 1130 serrsri
435 1063 552 1131 Detnm
574 1065 689 1132 Bomee
711 1086 757 1132 xx.
779 1065 957 1134 Deoembris
979 1066 1098 1134 mdrxv.
1143 1067 1233 1134 Anno
1256 1068 1355 1134 tertio.

840 1219 948 1230 —n-

358 1293 529 1362 Merohioni
551 1293 670 1364 Goneti
717 1297 881 1366 Pollioetnr
896 1317 986 1366 snum
1001 1317 1138 1365 amorem
1159 1317 1194 1364 no
1209 1297 1443 1366 benivolentiam
1456 1299 1501 1363 so.

268 1431 314 1477 xx.
336 1411 514 1478 Decembris
535 1412 655 1478 mdrxv.

852 1675 924 1742 159.

763 1839 1019 1902 Arehtduot.
1151 1839 1153 1844 “

357 1993 476 2061 Diloote
490 1993 545 2061 tii'n
591 1991 733 2060 Studium
749 1995 888 2062 nostrum
911 1997 942 2062 et
957 2013 1043 2062 emor
1057 2014 1130 2080 erge
1146 1993 1378 2062 serenissimum
1393 1995 1504 2061 netem

268 2110 356 2176 tuum
379 2127 524 2194 eumque
547 2109 693 2177 nobilitas
716 2130 833 2195 quoque
849 2113 902 2176 tuo
923 2110 958 2177 in
980 2110 1083 2178 animo
1105 2113 1209 2179 nostro
1224 2111 1439 2195 eomprehense
1458 2109 1504 2184 wi

268 2243 320 2290 ees
342 2224 407 2292 inm
429 2224 494 2310 egit
516 2225 641 2306 moises,
664 2228 699 2292 ut
722 2227 807 2292 nulle
828 2245 860 2296 re
883 2243 938 2294 neo
960 2245 1052 2294 oense
1073 2225 1172 2311 possit
1189 2226 1335 2293 imminui
1355 2247 1411 2293 neo
1430 2225 1503 2290 noo

268 2340 385 2407 fectori
431 2339 524 2408 Cuius
546 2342 591 2408 rei
605 2342 704 2408 muln
725 2341 838 2410 iudicio
861 2342 947 2422 alies,
969 2343 1104 2426 proxime
1119 2360 1189 2409 vero
1211 2343 1262 2408 his
1283 2343 1390 2426 penem
1411 2341 1505 2407 diebus

269 2457 437 2524 maximum
461 2456 540 2524 iilud
561 2457 700 2524 dedimus
722 2457 810 2543 quod,
833 2458 965 2524 turbetis
994 2460 1026 2524 et
1047 2457 1170 2525 offensis
1199 2457 1313 2524 animis
1342 2459 1505 2524 enectorum

269 2574 391 2658 propter
413 2573 580 2641 novitatem
605 2575 704 2638 statos
720 2572 965 2652 Mediolanensis
988 2592 1058 2640 oum
1081 2572 1120 2639 nd
1142 2593 1197 2641 nos
1220 2574 1315 2640 etiem
1337 2573 1439 2658 gmrie
1460 2590 1504 2636 so·

270 2687 365 2772 spicio
387 2689 418 2755 et
441 2690 542 2755 metus
564 2689 737 2774 pertineret,
767 2709 805 2756 ne
828 2708 863 2756 ex
885 2689 939 2756 illo
968 2689 1118 2774 principio
1140 2688 1179 2756 ad
1209 2689 1388 2756 servitutem
1409 2691 1440 2756 et
1459 2705 1506 2770 op·

269 2804 457 2888 pressionem
479 2804 588 2872 ltaliae
610 2805 724 2890 gradus
747 2807 829 2872 esset
850 2804 965 2883 foetum
993 2805 1144 2872 soluimus
1167 2783 1272 2872 tamen
1293 2805 1397 2872 omnin
1417 2803 1508 2889 potios

270 2920 444 2988 existimare
473 2935 566 3006 quem
595 2919 714 2987 eredere
737 2917 897 2988 Caesarem
925 2921 1028 3007 ipsum
1049 2923 1115 2988 tem
1144 2923 1266 3006 opertae
1288 2922 1320 2988 et
1340 2919 1508 2987 manifestae

269 3036 446 3121 cupiditatis
475 3037 627 3104 auctorem
657 3057 738 3116 esse,
768 3055 838 3104 oum
866 3035 932 3103 eius
961 3036 1095 3121 optimos
1123 3038 1155 3103 et
1184 3036 1396 3104 sanctissimae
1423 3031 1509 3102 menti

271 3153 328 3219 hoo
349 3153 464 3219 foetum
487 3151 754 3219 vehementissime
783 3155 973 3238 repugnaret.
1018 3153 1125 3236 Itoque
1153 3171 1224 3218 oum
1247 3152 1361 3218 missos
1383 3151 1448 3218 noh.
1469 3147 1509 3214 rit

270 3267 404 3334 venisset
427 3266 466 3334 ad
487 3287 543 3334 nos
565 3266 618 3334 dil.
641 3268 724 3334 filius
747 3267 974 3335 commendator·
996 3268 1135 3346 Herrera,
1162 3267 1253 3334 homo
1275 3267 1388 3352 probus
1409 3269 1438 3334 et
1459 3262 1508 3329 nd·

270 3382 395 3450 modom
417 3383 549 3468 prudens
571 3403 641 3450 oum
656 3383 810 3452 mandetis
833 3386 865 3450 et
878 3383 991 3450 litteris
1014 3383 1124 3468 quibus
1151 3384 1188 3451 de
1203 3383 1360 3450 voluntate
1383 3377 1510 3450 Caesaris

270 3497 309 3565 ed
331 3517 437 3584 paoem
460 3500 491 3565 et
512 3499 670 3584 publicum
692 3501 807 3567 bonum
829 3519 977 3585 propenso
1001 3498 1239 3584 significabatur,
1269 3498 1415 3566 adversm
1435 3495 1509 3562 mul·

273 3761 317 3810 hoe
336 3762 453 3823 posterius
471 3763 564 3810 stertet
583 3759 653 3821 Dens,
671 3761 790 3818 morisque
812 3761 884 3809 donet
903 3765 930 3809 ut
947 3763 1026 3808 ventre
1047 3761 1189 3809 anctoritate
1206 3765 1232 3808 st
1248 3773 1320 3821 opere
1345 3758 1512 3809 interveniente.

269 3859 347 3908 sutoro
366 3856 471 3908 Cenem
488 3859 518 3906 ed
534 3872 614 3918 paoem
633 3861 659 3908 et
676 3859 793 3908 iustitium
811 3856 907 3917 directo,
925 3859 1018 3919 populis
1031 3859 1130 3916 illisqui
1149 3857 1236 3906 Christi
1250 3871 1335 3906 nomen
1346 3861 1372 3908 et
1385 3857 1448 3904 tien
1465 3867 1510 3901 ur·

270 3957 405 4017 plectuntur
423 3955 559 4006 stabilietur
580 3969 636 4005 rere
652 3957 678 4004 et
700 3955 831 4006 neeesnorie
851 3969 904 4017 pu.
942 3955 993 4004 Noe
1011 3957 1038 4004 tn
1060 3956 1168 4005 omnibus
1188 3956 1294 4004 oonsiliie
1321 3954 1409 4004 nostrie
1429 3952 1512 3999 oin*

270 4057 336 4106 wem
354 4055 491 4117 participem
513 4055 634 4104 nobiscnm
659 4054 763 4115 inmune,
781 4055 809 4104 ot
830 4055 882 4114 ipre
900 4066 942 4115 pro
959 4053 1072 4112 sinssului
1095 4067 1138 4102 sne
1156 4054 1243 4102 virtute
1261 4057 1287 4102 et
1304 4053 1336 4102 ed
1353 4066 1391 4102 τα
1406 4049 1511 4113 proflaret

270 4151 400 4202 ebrium
426 4152 503 4210 meri
522 4151 679 4212 proeorsroos
700 4152 815 4208 sotnncet
831 4153 900 4200 notis
917 4164 997 4200 eorem
1014 4154 1040 4199 ot
1057 4150 1205 4213 prodentium
1226 4163 1300 4209 soem,
1321 4151 1385 4198 otei
1408 4146 1512 4196 nense·

272 4251 332 4306 ononi
347 4251 411 4298 nteit
421 4251 615 4307 turbulentosque
633 4251 746 4307 venerint,
765 4251 794 4298 ert
811 4261 851 4298 eu
862 4251 1006 4311 repellendos
1018 4263 1084 4310 opem
1103 4251 1209 4298 inureret
1219 4255 1245 4297 et
1255 4251 1423 4297 eoeteritntem.
1451 4245 1513 4292 stent

272 4349 315 4394 tu
330 4358 386 4403 ern
403 4359 446 4394 nor
463 4345 620 4394 benivolentia
637 4351 663 4395 et
680 4348 705 4394 in
723 4348 813 4403 merois
831 4347 899 4395 mbos
918 4347 1074 4404 suberrantes
1097 4349 1194 4396 oonsilio
1212 4347 1268 4395 trett
1290 4353 1316 4395 te
1333 4347 1443 4396 tutorem
1460 4355 1511 4389 roe-

273 4440 374 4494 tonos
