3132 4910
577 291 823 362 -361-

20 484 21 560 ?
87 489 186 558 leun
208 491 425 559 Pentheeostee
447 489 617 576 expelletur
638 489 767 556 insimul
789 507 860 555 enm
881 487 997 555 eisdem
1019 487 1052 556 et
1065 485 1223 574 provideat
1245 503 1322 572 gen·

19 603 20 608 ’
87 609 159 675 tibus
180 609 283 676 omnia
304 607 437 676 oonlinia
458 607 531 693 quia
552 606 643 692 prout
656 605 862 692 intelligimus
884 605 951 674 eine
973 604 1066 671 dubio
1086 603 1233 671 maiestas
1255 623 1283 670 v.
1300 621 1324 670 s.

85 725 199 793 habebit
220 723 382 794 Gaesarem
403 724 437 792 in
460 743 514 792 suo
536 741 639 809 regno.

162 843 241 909 Item
262 841 446 908 Nanadistas
469 839 602 908 erastino
625 839 674 905 llio
696 838 836 906 attutabo
860 837 887 905 ei
908 839 1010 906 levare
1032 855 1158 922 possum
1181 835 1235 904 sed
1256 834 1322 902 Na·

84 959 164 1026 zelos
178 959 215 1027 (la
230 957 391 1027 Solaronia
406 958 437 1026 et
452 955 573 1042 Saiplas
588 975 640 1042 per
656 955 685 1024 ol.
696 955 938 1042 Strigoniensem
953 953 1130 1040 preparatus
1145 951 1325 1020 festinanter

83 1094 126 1142 me
146 1077 289 1142 remittat

163 1193 241 1260 Item
264 1191 488 1277 gratiosissime
519 1193 659 1277 prineepe
689 1191 811 1276 indigeo
840 1190 1016 1276 pulveribus
1040 1192 1071 1258 et
1099 1189 1225 1275 plumbo
1253 1187 1326 1273 quia

83 1311 191 1376 certum
213 1311 261 1377 est
284 1308 394 1376 Caesar
416 1307 509 1374 iussit
530 1326 638 1393 parare
660 1309 691 1376 et
712 1309 833 1393 portare
857 1327 959 1375 seeum
982 1307 1154 1375 sementum
1177 1307 1213 1372 nt
1234 1304 1324 1372 reha-

82 1425 142 1490 bita
162 1427 195 1492 P.
218 1425 408 1492 Varadinum
436 1424 520 1491 illioo
545 1424 696 1505 fortificat
725 1443 848 1492 neeesse
870 1425 930 1492 erit
951 1425 986 1490 ut
1009 1425 1092 1491 solus
1114 1423 1148 1488 in
1169 1423 1225 1489 illo
1253 1441 1324 1506 per·

82 1533 214 1608 manmm
237 1561 278 1607 m.
294 1561 321 1608 v.
338 1561 361 1608 e.
377 1541 484 1608 mittat
498 1541 690 1626 capitaneum
706 1561 797 1627 quem
811 1541 962 1608 missurus
977 1543 1026 1608 est
1047 1540 1118 1626 quia
1132 1541 1254 1625 tempus
1270 1538 1325 1606 est

163 1658 242 1726 Item
251 1657 505 1726 excellentissime
513 1657 653 1743 princeps
663 1659 891 1742 ebeotempore
899 1678 940 1726 m.
947 1677 975 1725 v.
984 1658 1116 1725 Paulum
1124 1655 1232 1741 Balsijt
1240 1655 1326 1722 nullo

80 1771 242 1858 tproriclit
250 1775 286 1840 nt
294 1773 410 1860 equites
420 1774 486 1858 ipse
495 1774 697 1858 exploratores
706 1795 766 1842 non
776 1775 888 1859 poterit
895 1775 994 1843 faeere
1002 1774 1064 1841 nisi
1072 1772 1203 1859 propriis
1212 1789 1324 1856 expen-

80 1889 120 1956 sie
129 1891 199 1976 qnia
214 1891 242 1957 si
250 1891 401 1957 Dominus
416 1891 489 1956 baro
498 1910 560 1957 non
574 1891 757 1976 providisset
765 1892 866 1959 neseio
877 1890 1008 1976 qualiter
1022 1890 1169 1956 haetenus
1179 1889 1326 1956 stetisset.

163 2007 245 2074 Item
266 2027 308 2074 m.
324 2025 350 2073 u.
367 2027 391 2073 s.
407 2007 587 2091 respondeat
608 2008 646 2074 D.
661 2006 769 2094 RakiJ't
791 2006 830 2073 ad
851 2007 949 2093 petita
971 2006 1044 2093 quia
1057 2007 1149 2073 homo
1172 2005 1220 2072 est
1241 2003 1325 2070 mul-

79 2123 144 2188 tnm
165 2123 340 2208 desperatus
363 2143 397 2190 ex
413 2140 472 2209 quo
494 2124 613 2191 nullum
629 2126 809 2210 apparatum
824 2124 909 2192 videt
929 2144 971 2191 m.
985 2144 1013 2190 v.
1030 2123 1135 2190 conta
1149 2119 1326 2188 Caesarem:

79 2238 151 2304 dicit
172 2239 255 2306 enim
277 2240 358 2325 quod
372 2240 584 2308 tantummodo
607 2242 654 2306 tot
674 2240 815 2307 homines
830 2240 914 2307 videt
928 2241 1002 2325 quot
1024 2240 1097 2306 sunt
1119 2236 1258 2323 deputati
1272 2255 1326 2321 pro

79 2355 213 2422 camellis
241 2353 379 2422 Caesaris
409 2355 529 2441 quando
551 2357 611 2424 ibit
639 2356 678 2423 ad
701 2357 797 2425 talem
819 2356 1042 2442 expeditionem
1070 2354 1166 2422 etiam
1197 2353 1329 2419 libenter

80 2470 207 2550 riderem
230 2471 297 2556 ipse
319 2471 401 2538 enim
425 2471 602 2558 dicitquod
625 2491 711 2541 seous
733 2492 795 2540 non
818 2473 876 2541 erit
890 2472 952 2540 nisi
967 2471 1078 2540 Caesar
1099 2469 1208 2537 veniet
1241 2468 1284 2535 u.
1298 2487 1327 2534 s.

80 2607 162 2654 saera
184 2589 269 2656 ouret
283 2590 319 2655 ut
332 2587 538 2673 inexpetitam
561 2608 594 2656 se
609 2609 670 2657 non
685 2589 825 2674 reperiat,
848 2589 910 2657 seio
925 2587 1006 2674 quod
1020 2587 1113 2655 multi
1127 2585 1233 2654 dieunt
1247 2583 1328 2669 quod

78 2705 123 2770 ost
144 2703 228 2771 mma
257 2704 446 2772 monachalis
476 2724 533 2790 que
558 2705 665 2786 scribo,
695 2705 827 2792 selago
850 2727 920 2776 vere
943 2705 1041 2774 soribo
1070 2724 1129 2790 que
1152 2703 1191 2770 ab
1219 2699 1329 2768 amieis

77 2819 164 2887 audio
186 2822 219 2887 et
239 2821 273 2886 in
296 2820 419 2906 seriptis
442 2820 538 2902 uideo,
560 2823 682 2907 tompus
704 2823 753 2890 est
775 2823 802 2890 ei
825 2843 865 2891 m.
890 2843 917 2890 v.
941 2842 974 2890 se
996 2821 1161 2907 preoinget.
1210 2817 1326 2886 Appulus

76 2936 199 3004 andem
222 2939 387 3005 conservet.

554 3053 619 3142 (ro.
643 3053 722 3122 unu
746 3053 854 3143 raas).

164 3173 193 3238 2.
218 3221 225 3236 .
250 3221 256 3236 .
281 3222 288 3236 .
312 3167 478 3255 Nunquam
500 3189 554 3254 pro
577 3172 658 3238 certo
681 3170 714 3237 in
736 3172 858 3238 tantum
880 3172 973 3238 rerba
995 3187 1064 3237 mea
1086 3169 1167 3256 apud
1188 3189 1216 3236 r.
1239 3187 1263 3234 e.
1285 3187 1327 3234 m.

75 3284 266 3353 incredibilia
284 3285 378 3352 luisse
402 3305 471 3351 eum
493 3286 660 3352 arbitratus
683 3286 774 3353 siouti
788 3306 869 3354 nuno
884 3286 923 3353 ab
946 3286 1070 3354 homine
1091 3305 1119 3352 v.
1135 3305 1175 3351 m.
1192 3285 1230 3352 V.
1247 3303 1270 3350 s.
1286 3303 1326 3350 m.

74 3421 127 3484 par
147 3402 263 3467 benum
288 3419 376 3468 suurn
400 3401 437 3468 (le
459 3400 573 3487 Jayeza
599 3402 694 3469 fuisse
722 3403 901 3469 intimatum
929 3401 1089 3470 Gaesarem
1110 3401 1278 3468 lurcorum
1300 3397 1329 3464 si

73 3517 104 3582 id
123 3518 251 3585 honeste
266 3517 333 3583 lieri
354 3517 457 3602 posset
472 3536 579 3603 oupere
594 3519 719 3596 reverti3
742 3518 924 3605 aprineipio
947 3519 978 3586 et
1000 3537 1058 3604 ego
1081 3537 1108 3585 u.
1123 3537 1164 3584 m.
1181 3535 1251 3583 uera
1269 3535 1327 3600 que

73 3633 248 3719 intelligere
263 3631 350 3717 potui
364 3633 550 3718 significavi3
567 3635 719 3702 nonenim
734 3635 848 3702 oblitus
863 3653 948 3701 eram
963 3635 1125 3720 eliquanto
1134 3655 1175 3701 m.
1185 3653 1213 3700 v.
1223 3652 1326 3701 meum

72 3767 177 3835 graum
202 3748 287 3816 sinum
310 3748 404 3816 fauisse
427 3769 497 3816 eum
520 3768 579 3835 qno
601 3770 758 3836 nunquam
772 3751 866 3818 iooari
888 3770 981 3819 ausus
998 3771 1066 3818 sum
1089 3770 1145 3819 neo
1166 3749 1257 3829 volui,
1274 3749 1327 3816 eesl

72 3885 107 3932 ea
130 3885 331 3950 semperque
353 3865 393 3930 ad
415 3865 503 3950 regni
525 3866 661 3934 eiusdem
684 3866 890 3935 defensionem
912 3867 1065 3953 percipere
1087 3867 1173 3952 potui
1194 3865 1326 3933 tidelilm

73 4003 113 4048 m.
129 4002 158 4049 r.
175 3979 241 4048 dies
264 3981 369 4047 noctes
392 3981 535 4049 intimare
552 3983 670 4060 studui3
693 3985 797 4050 tamen
819 3985 876 4050 hoo
898 3985 1033 4069 tempore
1055 3982 1223 4069 pernicium
1241 4000 1281 4047 m.
1298 4002 1326 4048 v.

72 4099 103 4164 et
125 4117 178 4164 me
193 4097 315 4181 penitus
338 4096 435 4164 oblita
450 4097 560 4164 talium
583 4099 698 4165 lorsam
721 4100 847 4166 oonsilio
871 4101 922 4185 qui
939 4099 1100 4167 Caesarem
1122 4097 1231 4165 reverti
1246 4097 1326 4165 velle

71 4215 102 4278 et
125 4213 239 4278 Zaram
263 4213 461 4281 transfretare
490 4233 550 4281 non
573 4215 682 4281 audere
705 4215 852 4297 dinenunt,
876 4215 1061 4301 adplenum
1085 4213 1232 4290 deservit3
1255 4232 1325 4280 oum

72 4331 180 4397 tamen
194 4328 306 4396 nudius
329 4328 439 4396 tertius
454 4348 543 4397 serus
558 4332 728 4415 explorator
742 4331 833 4399 rediit
848 4331 902 4415 qui
917 4330 1076 4398 Caesarem
1099 4329 1132 4397 in
1154 4330 1232 4396 festo
1248 4329 1325 4396 visi·

70 4443 199 4513 tationis
221 4443 319 4512 Maria
340 4445 453 4512 Albam
481 4446 613 4514 intrasse
642 4446 748 4514 retulit
769 4449 801 4514 et
823 4447 872 4514 die
900 4447 1046 4515 helimna
1076 4446 1167 4515 aienti
1195 4445 1324 4512 antehae
