3258 4904
745 313 991 382 ..452-

238 509 385 596 quidquid
413 511 446 577 in
468 510 642 596 oppositum
670 510 769 577 dicere
790 513 823 576 et
844 511 979 596 allegare
1000 509 1130 578 voluerit
1159 511 1378 595 assumptoque
1399 509 1442 576 ad
1464 509 1497 577 id

238 647 292 712 per
312 631 344 693 te
365 627 468 712 aliquo
489 625 596 693 idoneo
626 626 790 692 tabellione
812 645 1000 711 quecumque
1028 627 1222 711 transumpta
1252 626 1497 712 privilegiorum,

237 745 383 822 actorum,
406 742 634 826 scripturamm,
656 743 688 807 et
702 741 834 808 aliomm
855 742 1059 825 predictorum
1075 760 1179 808 eoram
1200 745 1232 807 te
1254 740 1494 808 exhibendorum

237 858 320 924 illico
342 859 428 942 lapso
450 856 532 922 dicto
554 857 686 922 termino
707 857 901 941 comparente
916 858 964 923 uel
987 875 1049 924 uon
1063 857 1139 923 dicti
1161 856 1293 922 illnshis
1309 855 1397 922 ducis
1419 876 1495 940 pro-

236 975 373 1039 curatore
396 993 449 1038 seu
471 972 557 1037 illius
580 971 756 1050 substituto,
778 972 878 1036 esuis
900 972 1008 1038 formis
1029 972 1231 1056 originalibus
1246 972 1296 1038 vel
1317 990 1424 1037 eorum
1440 991 1494 1036 seu

235 1107 340 1154 earum
363 1088 442 1154 veris
464 1087 667 1170 transumptis
691 1087 767 1152 bene
789 1089 821 1152 et
836 1087 968 1154 fideliter
989 1106 1025 1153 ac
1040 1087 1077 1153 de
1092 1088 1183 1155 verbo
1206 1087 1389 1153 adverbum
1411 1087 1492 1152 nihil

235 1203 372 1270 addendo
395 1203 443 1270 vel
465 1201 629 1268 minuendo
657 1201 777 1267 extrahi
797 1205 829 1268 et
850 1204 1016 1288 exemplari
1039 1207 1178 1288 recteque
1200 1205 1232 1269 ct
1253 1202 1382 1268 iuridiee
1404 1221 1493 1268 com-

234 1319 355 1404 probari
384 1337 419 1384 ec
441 1319 529 1402 signo
551 1319 583 1383 et
612 1317 835 1401 subscriptione
863 1318 1038 1385 tabellionis
1066 1339 1120 1402 per
1149 1320 1180 1384 te
1202 1317 1242 1383 ad
1265 1319 1321 1384 hoo
1343 1318 1494 1402 deputati,

234 1435 351 1520 signari
373 1434 530 1518 sigillique
551 1432 598 1498 tui
612 1432 811 1515 impressione
832 1434 948 1499 muniri
962 1434 1067 1512 facins
1088 1433 1201 1518 illoque
1217 1433 1325 1500 nuntio
1340 1453 1395 1500 seu
1419 1453 1492 1518 pre-

234 1551 365 1616 curatori
387 1548 521 1633 prefatae
545 1546 719 1612 sanctitatis
735 1548 839 1613 tradas
861 1551 893 1614 et
908 1550 1079 1632 consignes.
1109 1548 1175 1615 Nos
1190 1549 1273 1615 enim
1295 1549 1329 1614 iu
1351 1551 1384 1613 et
1400 1569 1494 1632 super

233 1666 375 1732 omnibus
398 1664 429 1730 et
444 1663 577 1748 singulis
592 1661 751 1746 premissis
770 1682 840 1728 oum
855 1663 1061 1730 incidentibus
1077 1663 1317 1748 dependentibus
1339 1665 1372 1729 et
1386 1683 1491 1729 emer·

231 1782 375 1866 gentibus
397 1799 433 1846 ex
447 1778 562 1844 eisdem
585 1796 621 1843 ao
641 1777 707 1842 illis
730 1779 855 1844 annexis
871 1781 901 1844 et
924 1780 1067 1846 connexis
1089 1781 1191 1846 locum
1213 1781 1245 1844 et
1260 1779 1341 1844 vices
1364 1781 1492 1844 nostras

232 1916 268 1962 eo
290 1897 414 1980 plenum
437 1913 525 1979 pesse
547 1893 607 1959 tibi
629 1893 853 1960 committimus
876 1897 907 1960 ot
930 1895 1122 1961 conterimus.
1169 1894 1286 1961 Harum
1309 1893 1493 1960 testimonio

231 2013 404 2078 litterarum
433 2028 527 2075 mauu
556 2011 660 2074 nostre
689 2008 940 2093 subscriptarum,
969 2011 1001 2075 et
1024 2009 1121 2094 sigilli
1150 2010 1247 2076 nostri
1271 2029 1290 2075 a
1312 2011 1399 2094 tergo
1425 2009 1491 2075 im-

229 2127 384 2214 pressione
405 2125 603 2191 munitatum.
648 2125 765 2190 Datum
787 2127 945 2209 Augustae
968 2125 1017 2191 die
1040 2127 1150 2193 ultimo
1172 2125 1290 2193 mensis
1304 2125 1383 2192 Julii
1407 2143 1491 2191 anne

231 2243 356 2310 Domini
379 2241 497 2309 mdm
542 2241 668 2324 Imperii
690 2241 789 2307 nostri
811 2241 936 2308 decimo.

1261 2355 1398 2423 Carolus.

320 2474 369 2541 hd
391 2471 571 2540 mandatum
586 2490 724 2538 caesareo
747 2475 778 2538 et
800 2472 966 2538 catholicae
981 2472 1154 2540 maiestatis
1169 2492 1218 2557 pp.
1234 2473 1297 2539 eli
1313 2471 1493 2539 Valdesius.

232 2592 291 2658 Pro
313 2590 334 2671 †
360 2589 471 2674 sigillo.

322 2820 466 2886 Presente
488 2819 603 2903 prefato
626 2819 788 2886 reverendo
811 2819 934 2886 domino
959 2819 1079 2888 Joeune
1101 2821 1192 2887 Petro
1214 2821 1351 2887 Ferretto
1374 2838 1488 2904 procu·

232 2939 331 3004 ratore
360 2934 512 3002 eutedioto
541 2937 573 3001 et
601 2934 682 3002 dioto
704 2936 827 3001 nomine
856 2935 983 3018 prelatis
1011 2936 1156 3015 instante,
1185 2937 1217 3000 et
1240 2936 1410 3002 successive
1432 2955 1489 3019 pre

231 3052 418 3137 expeditione
440 3050 539 3117 dictae
561 3049 795 3129 commissionis,
819 3051 850 3116 et
865 3049 904 3115 ed
922 3049 1173 3117 abundantiorem
1188 3051 1342 3116 cautelam
1363 3053 1490 3134 petente

232 3168 385 3235 committi
405 3165 494 3233 citari
515 3184 569 3249 per
590 3164 742 3231 aedictum
764 3165 921 3248 publicum
950 3165 1066 3232 loribus
1089 3164 1188 3232 dicae
1210 3165 1354 3233 ecelesiae
1377 3166 1487 3231 cathe-

230 3285 325 3351 dralis
348 3283 492 3367 eligente
514 3283 545 3345 et
559 3280 684 3346 affixum
694 3263 882 3346 'dimitere
896 3282 992 3363 ptum
1008 3279 1052 3347 ill
1068 3281 1096 3347 d
1111 3281 1305 3364 alphonsum
1321 3281 1487 3347 Estensem

231 3420 263 3466 se
292 3417 347 3483 pro
376 3397 450 3463 duce
481 3396 636 3462 Penariae
663 3397 820 3480 gerentem
849 3397 999 3479 quatenus
1026 3416 1091 3462 ur.
1114 3395 1163 3463 die
1192 3395 1340 3462 instantis
1369 3396 1487 3463 mensis

231 3515 366 3601 proxime
389 3512 491 3578 futuue
514 3530 566 3595 per
588 3530 644 3578 noe
673 3511 849 3596 prefigeuda
871 3515 1044 3594 compareat
1066 3511 1205 3595 legitime
1226 3513 1257 3577 et
1275 3529 1379 3576 eoram
1403 3511 1432 3576 d
1458 3532 1486 3577 n

229 3633 262 3698 iu
285 3631 367 3697 dicto
389 3629 454 3694 loeo
477 3627 620 3712 deputato
642 3624 681 3690 ed
704 3624 877 3705 videndum,
901 3626 932 3691 et
946 3624 1131 3692 audiendum
1153 3626 1300 3692 nonnulla
1322 3625 1488 3710 privilegia

230 3749 298 3812 ecte
314 3746 480 3828 scripturas
495 3743 526 3808 et
540 3741 745 3807 instrumente
761 3743 792 3806 et
807 3740 995 3807 monimenta
1010 3740 1044 3805 iu
1059 3741 1192 3807 archivio
1207 3739 1343 3806 eiusdem
1362 3743 1486 3807 sauctae

230 3860 418 3929 Ravennatis
440 3858 583 3925 ecclesiae
606 3856 767 3923 existentia
789 3857 820 3921 et
843 3855 996 3922 recondita
1018 3855 1057 3922 ad
1079 3875 1203 3922 εειιεειιι
1226 3874 1279 3921 seu
1302 3875 1414 3922 cauma
1436 3857 1485 3922 fa·

230 3979 343 4044 cientes
372 3977 404 4042 et
433 3973 576 4041 facientia
605 3972 748 4057 prelibati
772 3993 794 4038 s.
818 3971 847 4040 d.
869 3992 898 4037 n.
921 3990 1018 4056 papae
1039 3973 1071 4038 et
1099 3973 1223 4038 illorum
1252 3973 1485 4056 transcriptioni

231 4113 283 4161 sou
305 4090 484 4160 exbactioni
505 4086 749 4156 interessendum
770 4085 999 4173 dicendumque,
1023 4089 1054 4153 et
1069 4086 1264 4172 allegandum
1287 4085 1438 4171 quidquid
1452 4088 1485 4153 in

231 4208 405 4292 oppositum
434 4206 532 4272 dicere
555 4206 586 4271 et
616 4206 748 4288 allegare
778 4202 915 4282 voluerit,
944 4204 976 4268 et
996 4202 1116 4286 prelata
1144 4202 1247 4269 emnia
1269 4201 1304 4268 in
1325 4202 1426 4270 forma
1447 4202 1485 4268 de

229 4324 294 4389 iure
316 4323 426 4388 valide.

320 4434 380 4517 Qui
409 4434 590 4518 magnificus
618 4434 760 4501 dominus
795 4436 931 4519 potestus
961 4437 991 4501 et
1020 4434 1250 4502 commissarios
1279 4453 1315 4501 ac
1345 4437 1483 4503 executor
