3132 4910
558 244 800 312 -309-

641 467 714 534 233.

340 633 467 694 Petrus
490 634 730 696 Salamancha
753 635 925 695 Clementi
948 635 1022 696 vll.

499 743 586 830 (Idlt.
602 743 695 827 princ
711 744 751 810 II.
768 745 857 830 384).

541 858 607 943 (13.
622 860 693 926 Dec.
712 858 822 945 1524).

141 1020 196 1086 Dio
209 1019 415 1105 conceptionis
429 1019 535 1086 beabo
551 1019 689 1105 Virginis
711 1021 786 1086 hora
807 1019 866 1099 xiv,
882 1021 945 1087 Deo
961 1020 1052 1087 dante
1067 1019 1137 1086 veni
1159 1019 1198 1085 ad
1212 1019 1300 1104 oppi-

68 1134 128 1200 dum
154 1137 344 1221 lnnsprugg3
367 1134 471 1202 curavi
493 1154 509 1201 θ
533 1135 662 1220 vesdgio
685 1135 769 1203 adire
799 1136 1029 1204 serenissimum
1058 1133 1226 1219 principem
1255 1135 1305 1200 oui

67 1251 170 1333 porrexi
190 1251 311 1318 litteras
335 1252 454 1318 vestrae
477 1251 659 1332 sanctitatis,
689 1251 812 1337 illisque
835 1251 923 1318 lectis
953 1249 1106 1317 declaravi
1130 1270 1183 1317 sue
1212 1249 1303 1316 celsi-

68 1365 154 1432 tudini
168 1365 315 1446 animum,
338 1385 473 1433 amorem
488 1367 789 1452 benevolentiamque
813 1366 1093 1452 singularissimam
1108 1369 1208 1433 vestre
1229 1367 1303 1432 bsa-

67 1481 194 1548 titndiuis
217 1501 290 1566 erga
312 1501 361 1548 res
384 1501 538 1548 caesareas
562 1483 653 1568 atque
675 1481 867 1550 celsitudinis
891 1501 944 1550 sue
967 1483 1057 1566 prout
1079 1482 1179 1549 officia
1201 1501 1304 1549 eornm

67 1597 139 1664 inb.
160 1617 186 1664 v.
210 1598 414 1683 obsequiaque
442 1599 481 1664 ab
511 1598 576 1665 illis
604 1599 734 1683 prestita
762 1598 833 1665 huic
863 1596 973 1665 Sancte
1003 1595 1074 1665 Sodi
1105 1597 1305 1678 demerentur,

67 1713 169 1799 locique
190 1733 261 1781 snm
284 1715 443 1781 certiorem
465 1713 546 1799 quod
576 1715 702 1780 tametsi
725 1715 811 1780 nulla
840 1732 974 1799 unquam
997 1713 1029 1780 in
1060 1714 1254 1781 sanctitatem
1277 1733 1304 1780 v.

67 1829 213 1898 aCaesare
236 1849 295 1916 que
317 1831 422 1897 tamen
444 1831 548 1897 essent
562 1832 594 1897 et
608 1829 743 1897 maxima
765 1832 797 1896 et
820 1849 941 1896 summa
963 1829 1073 1896 merita
1095 1830 1186 1915 atque
1208 1829 1306 1896 offitia

67 1947 272 2030 precessissent
300 1946 368 2030 ipsa
397 1948 484 2012 tanto
508 1965 595 2012 snam
626 1945 837 2012 celsitudinem
865 1964 967 2012 amore
996 1947 1245 2030 complecteretur
1267 1946 1305 2012 ob

66 2062 122 2129 eius
143 2063 289 2130 mirificas
317 2062 445 2129 virtutm
468 2064 504 2129 ut
525 2062 557 2129 id
582 2063 682 2129 solnm
705 2062 857 2129 sufficeret
880 2080 1000 2128 summo
1028 2061 1128 2128 studio
1151 2064 1182 2129 et
1205 2062 1306 2129 favore

66 2178 99 2242 ad
112 2197 157 2245 ras
171 2197 327 2245 mesareas
342 2178 578 2263 amplectendss‚
601 2179 716 2245 omissa
739 2179 835 2244 animi
851 2175 1063 2261 magnitudine
1086 2180 1117 2246 et
1134 2177 1307 2245 mustantia

66 2313 115 2377 qua
135 2293 166 2361 in
187 2315 215 2360 v.
231 2293 420 2360 beatitudine
442 2293 580 2360 omniurn
602 2313 750 2361 consensu
772 2293 909 2379 adprime
932 2295 1078 2380 splendet.
1102 2296 1143 2361 llt
1164 2313 1234 2360 cam
1257 2293 1304 2358 vi·

67 2409 153 2476 disset
168 2429 195 2476 u.
211 2429 235 2475 s.
251 2408 382 2475 erarium
399 2409 523 2477 ecclesie
538 2409 719 2477 exhaustum
736 2410 935 2495 ingentesque
950 2410 1021 2478 illos
1037 2410 1161 2495 pecunie
1184 2427 1305 2476 amrvos

66 2543 131 2607 qnos
145 2524 254 2592 Caesar
276 2524 351 2608 ipse,
374 2524 542 2592 llorentini
556 2525 707 2610 ceterique
722 2525 813 2592 Itslie
828 2527 1003 2610 potentatus
1022 2545 1076 2612 pro
1092 2524 1210 2592 Gallico
1225 2525 1305 2591 bello

65 2641 184 2723 geraudo
200 2639 432 2725 suppeditarunt
455 2643 661 2725 consumptos,
684 2643 716 2708 et
737 2642 860 2708 cosdem
875 2644 1050 2726 potentatus
1073 2661 1128 2726 pro
1142 2641 1209 2727 ipsc
1231 2661 1304 2708 con-

65 2754 199 2822 tinuando
221 2755 302 2822 bello
324 2754 506 2840 iampridem
522 2756 687 2835 enervatos,
710 2776 771 2823 non
793 2756 882 2824 nodo
898 2776 1011 2843 inagna
1033 2778 1104 2825 cum
1125 2757 1306 2826 difficultate

64 2870 128 2952 quid
156 2871 282 2938 ulterius
313 2890 379 2938 esse
408 2873 585 2956 erogaturos
616 2870 669 2937 sed
694 2872 784 2956 plane
807 2872 840 2938 in
870 2873 1140 2940 subministrandis
1169 2872 1304 2957 pecuniis

64 2987 231 3053 necessariis
253 2986 431 3067 defecturos,
454 2985 533 3072 quod
556 2987 623 3052 tum
647 3006 769 3072 syncem
786 2988 889 3054 animo
912 2988 943 3054 et
966 3007 1086 3056 summo
1109 2989 1210 3056 studio
1232 3007 1303 3072 pro·

64 3103 202 3168 conserit
216 3101 405 3169 sarciendam
421 3120 526 3186 paoem
541 3121 665 3187 remque
680 3103 921 3187 conponendam
937 3103 1096 3183 censuerit
1115 3123 1176 3171 non
1191 3105 1304 3188 absque

65 3215 277 3284 oonbtionibus
307 3217 339 3284 in
362 3216 501 3284 Caesaris
531 3217 666 3284 faveram
696 3236 789 3302 quam
818 3219 1035 3286 honestissime
1065 3219 1215 3305 susceptis
1244 3219 1305 3285 nisi

65 3333 211 3415 agentium
233 3352 274 3399 n.
299 3351 352 3399 sus
374 3333 488 3417 partim
509 3332 682 3412 insolentia,
712 3333 827 3417 partlm
850 3331 1056 3418 imprudentia
1086 3335 1201 3402 factum
1223 3336 1304 3402 esset

66 3447 96 3512 ut
117 3467 151 3513 nc
171 3448 321 3515 sententie
343 3467 370 3514 v.
387 3468 411 3514 s.
434 3447 659 3534 acquiescerent
680 3449 712 3515 et
733 3453 824 3515 rebus
840 3447 978 3517 Caesaris
1001 3452 1082 3517 male
1104 3450 1304 3529 consulentes,

65 3561 201 3630 iuvaris
229 3565 469 3651 prorumperent,
499 3566 531 3631 et
552 3562 659 3631 Gallos
690 3565 795 3649 ruptos
819 3566 850 3631 et
879 3565 992 3632 otiosos
1022 3566 1116 3633 veluti
1144 3565 1305 3633 crabrones

65 3675 237 3747 dormientes
259 3679 417 3746 irritarent
438 3680 623 3766 usqueadeo
646 3679 725 3766 quod
748 3699 799 3746 eos
821 3680 860 3746 ad
883 3681 1007 3747 ltaliam
1029 3681 1126 3748 redire
1148 3682 1304 3766 conpule-

64 3793 128 3874 rud
148 3813 182 3862 ea
204 3797 376 3880 temporum
400 3794 562 3880 iniquitate
584 3813 645 3879 qua
667 3814 729 3862 non
751 3795 817 3862 sine
834 3797 969 3862 maxima
990 3797 1216 3882 perturbatione
1237 3815 1263 3862 v.
1280 3816 1303 3863 s.

64 3912 187 3978 oemcret
215 3909 364 3977 ditionem
397 3910 562 3994 apostolico
586 3910 673 3978 Sedis
703 3929 738 3976 ac
760 3911 947 3978 Florentiam
977 3911 1139 3996 direptioni
1168 3911 1303 3977 bostium

65 4025 168 4108 erponi,
191 4027 218 4092 si
242 4045 309 4093 sese
332 4025 499 4093 declararet
520 4028 625 4093 contm
648 4025 762 4092 Gallos.
793 4025 876 4092 Nam
899 4045 968 4092 oum
990 4027 1126 4112 pecunia,
1152 4047 1210 4113 que
1232 4045 1302 4092 ner·

66 4157 114 4205 uus
134 4143 163 4208 et
177 4141 350 4208 subsidium
364 4141 438 4209 balli
453 4144 509 4222 est
525 4143 647 4227 penitus
670 4160 762 4226 prope
778 4142 925 4222 deficeret
947 4141 1126 4227 infinitoque
1141 4141 1303 4210 arealibus

65 4273 94 4318 er
115 4257 189 4324 bello
211 4255 440 4341 proteritque
463 4259 494 4324 et
514 4257 607 4325 Sedes
630 4257 795 4342 apostolica
811 4276 954 4343 oppressa
977 4259 1066 4338 esset
1088 4258 1169 4343 quod
1183 4257 1302 4325 ostendi

66 4373 194 4440 maximis
223 4375 255 4439 et
277 4373 557 4440 vehementissimis
587 4373 764 4453 rationibus,
796 4393 916 4440 necesse
938 4375 986 4439 est
1015 4375 1069 4439 aut
1097 4374 1213 4440 bellurn
1242 4393 1302 4440 non
