3132 4910
585 279 822 344 -327-

92 473 212 540 amicum
235 493 325 539 suum
348 472 484 540 eiusdem
499 475 621 540 brevem
645 471 704 540 huc
726 471 857 539 missum
871 470 1004 557 negotiis
1026 471 1103 537 mais
1126 468 1329 554 impedimen-

92 593 152 656 turn
171 590 312 656 attulisse
334 592 364 655 ct
387 608 421 656 eo
437 590 539 654 animo
563 589 672 672 scripsi
695 590 729 654 ut
744 588 847 654 omnia
869 587 1027 654 sanctitati
1041 589 1112 652 tuas
1134 585 1329 670 significaret.

93 707 173 771 Porro
195 706 268 791 quid
291 709 339 772 est
362 704 510 790 quomodo
532 706 651 772 locutus
675 705 734 770 sim
757 705 867 770 nuncio
890 702 1089 770 beatitudinis
1112 705 1182 768 tuae
1205 701 1258 786 qui
1280 701 1331 767 bic

92 822 201 902 residet,
225 823 267 888 sit
281 823 347 906 ipse
362 821 461 888 testis.
497 818 598 902 Quum
621 839 678 906 ego
700 820 796 904 igitur
811 820 915 886 omnia
937 819 1052 904 egerim
1068 817 1212 897 modeste,
1235 816 1331 882 amice

91 939 118 1001 et
139 939 256 1015 secreto,
286 937 479 1022 iniquissime
509 935 626 1003 faciunt
648 935 700 1020 qui
729 955 778 1002 me
801 936 846 1000 ita
868 937 1012 1001 accusant
1042 933 1131 1018 quasi
1153 933 1251 999 multa
1273 933 1329 998 ad-

91 1071 185 1119 versus
208 1053 402 1120 sanctitatem
427 1055 512 1119 tuum
535 1052 672 1120 adhibito
695 1071 821 1136 precone
844 1051 877 1117 iu
899 1051 948 1116 vis
970 1049 1093 1134 publica
1114 1048 1330 1133 divulgassem.

90 1170 190 1234 Fateor
204 1169 381 1236 beatissime
396 1169 488 1236 Pater
504 1169 603 1235 multa
617 1169 667 1235 his
682 1167 787 1252 paucis
802 1167 960 1234 mensibus
975 1165 1130 1250 preteritis
1146 1185 1195 1232 me
1209 1163 1331 1231 audisse

90 1289 151 1350 acta
178 1283 473 1362 antecameram,
502 1303 578 1368 quae
604 1283 689 1350 valde
711 1303 761 1351 me
783 1283 963 1362 cruciarunt
986 1281 1057 1367 quia
1086 1281 1191 1347 cadem
1221 1278 1329 1346 inde-

90 1400 173 1466 decus
194 1402 225 1466 et
246 1401 393 1468 murnum
416 1400 562 1484 principis
578 1402 609 1466 et
631 1400 748 1484 patriae
770 1417 855 1465 meae
871 1415 978 1464 casura
994 1399 1089 1474 eraut
1113 1399 1144 1462 et
1167 1395 1194 1463 si
1216 1395 1331 1461 talibus

90 1517 173 1582 rebus
201 1517 392 1600 aliquatenus
422 1518 592 1583 commotus
616 1515 660 1580 fui
682 1514 741 1581 erit
769 1513 972 1580 humanitatis
1001 1513 1033 1578 et
1054 1510 1232 1595 prudentiae
1261 1511 1331 1576 tuae

90 1631 163 1697 mibi
182 1631 344 1716 ignoscere.
391 1630 467 1696 Sum
489 1631 573 1696 enim
597 1630 737 1696 subditus
761 1648 822 1696 non
844 1627 1078 1710 modcoptimo
1107 1625 1246 1711 principi,
1277 1625 1330 1692 sed

89 1749 116 1810 st
137 1747 237 1832 siqui
258 1767 307 1814 me
330 1767 364 1812 er
388 1747 485 1813 nihilo
508 1747 616 1821 erexit3
646 1746 722 1813 item
744 1744 877 1829 patriam
907 1744 1002 1810 babeo
1026 1761 1102 1827 quae
1125 1741 1257 1808 naturali
1280 1740 1329 1808 iu-

89 1863 195 1928 stiuctu
216 1863 308 1929 chara
330 1865 379 1928 est
408 1861 563 1937 omnibus;
597 1861 675 1928 mibi
698 1862 802 1926 tarum
832 1861 870 1926 ob
893 1859 926 1926 id
954 1858 1073 1925 charior
1095 1859 1144 1924 est
1172 1856 1253 1941 quod
1275 1876 1331 1942 ego

88 1977 130 2042 illl
153 1978 211 2044 sim
225 1978 435 2046 charissimus.
466 1979 653 2044 Removeant
675 1977 772 2061 igitur
794 1976 850 2042 boc
865 1975 1058 2042 obstaculum
1080 1993 1118 2040 ne
1134 1972 1208 2058 quid
1222 1974 1333 2058 agatur

88 2096 185 2160 contm
212 2095 381 2179 principem
411 2095 442 2160 et
464 2093 596 2177 patriam
620 2093 775 2158 meamet
804 2090 960 2158 beatitudo
982 2091 1036 2156 tua
1065 2109 1114 2154 me
1143 2088 1271 2154 habebit
1293 2087 1332 2154 ad

89 2211 190 2274 nutum
222 2229 310 2275 suum
340 2208 573 2294 paratissimum
595 2210 626 2274 et
649 2226 737 2291 opere
759 2209 791 2272 et
812 2207 903 2272 verbo
926 2206 1104 2284 adiutorem,
1133 2205 1168 2271 iu
1189 2204 1332 2270 omnibus

88 2325 248 2390 mdonibus
278 2325 352 2402 suis,
382 2342 459 2408 quae
482 2325 529 2390 vel
557 2323 596 2388 ad
619 2341 811 2388 communem
839 2322 1096 2406 tranquillitatem
1126 2320 1260 2400 tendent
1283 2321 1331 2387 rel

88 2439 205 2521 quodvis
228 2440 312 2506 aliud
336 2438 452 2506 Christi
482 2439 638 2524 negotium
662 2439 694 2504 iu
716 2437 843 2504 ecclesia
865 2439 942 2503 bene
965 2435 1252 2503 administrandum.
1291 2436 1331 2500 lat

87 2557 117 2618 ut
139 2556 283 2622 sanctitas
306 2559 360 2620 tua
383 2555 505 2641 aliquod
527 2554 624 2621 animi
646 2554 708 2620 mci
730 2552 877 2620 iudicium
899 2554 1011 2619 babeat
1034 2552 1142 2636 scripsi
1165 2551 1204 2617 ad
1227 2570 1330 2636 regem

88 2689 181 2736 mcum
202 2675 272 2755 post
294 2672 452 2754 acceptum
474 2671 620 2736 nuncium
635 2670 672 2736 de
695 2687 808 2754 magna
831 2671 862 2734 ct
884 2667 1077 2736 memorabili
1092 2667 1220 2733 victoria
1237 2685 1330 2752 quam

87 2784 163 2851 Deus
183 2786 269 2854 nobis
298 2786 525 2852 instantissime
553 2786 709 2869 inceptum
738 2785 854 2851 bellum
883 2783 1135 2868 prosequentibus
1159 2782 1251 2862 dedit,
1281 2802 1330 2848 me

86 2919 140 2966 uon
162 2902 300 2970 dubitare
323 2901 398 2985 quin
422 2901 570 2967 sanctitas
594 2903 647 2966 tua
669 2901 754 2966 illius
778 2900 862 2966 sanis
885 2897 1022 2966 consiliis
1046 2917 1112 2965 sese
1135 2899 1176 2964 sit
1190 2917 1328 2966 mmmc-

86 3015 187 3084 datura
201 3018 239 3085 ad
261 3037 327 3084 rem
344 3017 545 3084 christianam
561 3017 636 3082 bene
651 3017 824 3100 gerendam.
856 3015 997 3082 Preterca
1020 3013 1047 3080 si
1062 3014 1185 3080 audiam
1201 3014 1329 3082 victores

86 3131 192 3217 abquid
214 3133 397 3200 insolentius
420 3131 524 3199 conari
538 3133 642 3199 conta
657 3133 742 3198 tuam
767 3131 962 3198 sanctiatem
985 3130 1166 3196 dissuadebo
1181 3135 1328 3214 quantum

86 3249 188 3328 potero,
220 3249 354 3332 totisque
384 3248 482 3314 entur
512 3247 628 3314 viribus
659 3249 693 3313 ut
722 3247 800 3312 ratio
830 3245 991 3330 dignitatb
1021 3247 1092 3311 tuae
1122 3251 1270 3310 habeatur
1299 3247 1330 3310 et

86 3362 179 3428 omnia
199 3366 252 3430 tuu
275 3363 340 3432 sint
362 3364 455 3430 salva
486 3362 660 3428 Plurimum
684 3381 757 3428 sane
780 3361 925 3428 debemus
940 3363 1005 3428 Deo
1028 3373 1114 3426 emus
1137 3361 1328 3444 prouidentia

86 3473 193 3544 acrum
217 3481 266 3545 est
288 3481 325 3544 ut
346 3477 437 3544 multi
453 3476 550 3544 odiosi
573 3477 707 3560 scrupuli
729 3476 859 3542 emedio
883 3475 947 3542 siut
962 3474 1085 3554 sublati,
1108 3477 1140 3542 et
1153 3475 1242 3542 firma
1258 3494 1327 3559 spes

86 3587 163 3656 data:
184 3593 287 3659 omnia
310 3591 394 3658 brari
417 3591 456 3658 ad
478 3591 670 3659 concordiam
692 3591 811 3658 traduci
833 3609 921 3675 posse
944 3592 975 3656 et
997 3608 1046 3657 res
1061 3589 1246 3656 christianas
1269 3609 1324 3676 op-

86 3703 152 3772 time
172 3709 327 3792 componi;
352 3726 428 3792 quas
447 3707 577 3774 lelioitas
594 3707 752 3775 sanctitati
774 3708 845 3773 tuae
860 3725 920 3774 non
943 3705 1003 3772 orit
1026 3705 1075 3792 (ut
1089 3704 1208 3790 opinor)
1227 3705 1326 3771 minor

86 3837 169 3900 quam
191 3821 229 3887 ad
252 3822 334 3888 tanti
348 3821 462 3906 gradus
486 3822 610 3907 lastigie
627 3821 795 3906 assumptio
818 3819 878 3886 tibi
901 3821 1011 3887 extitit.
1041 3818 1126 3900 Quae
1148 3819 1325 3886 felicissime

88 3934 185 4004 ualeat
229 3937 275 4002 Ex
298 3935 437 4003 Venetiis
460 3936 549 4004 xxvii.
573 3936 729 4003 llcbmarii
751 3935 870 4004 mdxrv.

167 4052 198 4118 ll.
223 4071 246 4118 s.
271 4072 297 4118 v.
321 4052 504 4120 humilimus
526 4052 664 4119 servulus
