3132 4910
750 353 1046 425 -354-·

244 551 332 638 glum
360 551 527 638 perfectum
556 553 697 639 omnique
727 573 762 620 ex
784 555 870 638 purte
899 553 1074 620 absolutum
1103 549 1234 633 reddere,
1265 553 1300 618 ut
1322 571 1356 618 en
1378 549 1474 618 nullius

243 669 357 737 indulti
379 684 486 749 errore,
508 669 584 735 uitio
614 670 667 734 aut
690 670 810 734 macula
839 669 1002 753 quicquam
1024 669 1151 752 posthac
1181 668 1317 753 scrupuli
1345 669 1395 733 ant
1414 687 1473 733 eon·

243 785 407 852 trorersiae
422 785 567 852 moerens
589 784 666 852 illud
681 785 773 870 queat
787 803 949 870 emergere,
972 785 1006 851 in
1021 803 1141 850 summo
1157 783 1355 850 beatitudinis
1375 785 1475 848 vesbuc

244 901 364 984 saepius
378 901 411 966 in
426 920 477 967 me
491 901 684 985 comprobato
700 919 802 967 amore
817 901 956 980 confisus,
980 919 1085 966 uersus
1100 919 1168 966 eam
1183 899 1358 966 humillime
1371 900 1475 965 obsecro

243 1017 278 1080 ut
292 1015 390 1082 dictae
404 1017 508 1082 bullae
529 1016 613 1082 iuxte
628 1015 857 1100 castigatiorem
878 1015 1174 1100 emendationemque
1195 1016 1327 1081 formum
1350 1014 1475 1080 mandere

243 1130 317 1197 vetit
346 1133 381 1196 ut
409 1131 621 1198 rescribuntur.
672 1121 758 1210 Quod
789 1131 871 1198 siin
894 1131 1000 1198 eadem
1029 1151 1061 1197 re
1083 1131 1149 1196 tam
1178 1131 1282 1196 crebro
1311 1129 1475 1196 beatitudini

241 1247 359 1312 vestrae
382 1245 506 1312 videbor
527 1246 684 1326 molestus,
707 1245 739 1311 id
761 1265 815 1330 pro
838 1265 894 1313 sua
915 1247 1067 1312 immense
1089 1245 1226 1312 bonitate
1247 1265 1309 1313 non
1332 1246 1406 1312 mihi
1433 1244 1473 1310 sed

241 1360 456 1428 ardentissimo
484 1362 586 1445 potius
608 1363 679 1428 voto
702 1361 738 1427 de
760 1361 886 1445 optimis
909 1361 1020 1428 studiis
1044 1361 1139 1446 deque
1154 1360 1296 1426 universa
1318 1360 1473 1444 rupubblice

241 1476 327 1542 cuiue
349 1476 506 1542 commodo
529 1478 560 1543 et
576 1477 784 1544 stabilimento
806 1478 887 1543 ultro
903 1496 1021 1562 semper
1037 1479 1138 1542 vestre
1160 1476 1309 1542 sanctitas
1331 1477 1409 1542 favet
1427 1475 1472 1538 sd·

242 1592 379 1671 scribere,
402 1611 509 1675 meque
527 1591 737 1658 humillimum
759 1593 791 1658 at
813 1592 1118 1658 observantissimum
1142 1609 1231 1657 suum
1254 1591 1405 1658 servulum
1425 1589 1472 1654 sibi

240 1706 575 1774 commendatissimum
599 1706 749 1790 suscipere
767 1706 953 1791 dignabitur,
976 1727 1052 1792 quaa
1068 1705 1245 1776 felicissime
1260 1725 1296 1771 ac
1318 1707 1472 1772 diutissime

240 1821 347 1888 valeat.

329 1937 464 2002 Londoni
487 1958 522 2004 ex
547 1937 622 2003 urreis
645 1935 772 2004 aedibus
794 1936 843 2003 die
865 1936 908 2004 iii.
931 1936 1073 2003 Jauuerii
1094 1937 1225 2004 mdmvi.

970 2168 1003 2235 T.
1027 2167 1171 2234 Cardine]
1194 2167 1396 2233 Eboracensis

827 2431 902 2496 270.

514 2591 678 2652 Clemens
701 2594 774 2654 vn.
797 2595 976 2669 Episcopo
1000 2593 1220 2653 Tridentino.

624 2701 726 2788 (Brev.
741 2721 767 2769 a.
783 2703 840 2770 111.
856 2721 901 2787 ep.
917 2703 948 2770 5.
964 2701 1014 2768 fol.
1032 2701 1097 2788 10).

737 2817 780 2903 (8.
794 2817 865 2885 Jan.
883 2816 992 2903 1526).

323 2976 514 3043 Venerabilis
538 2976 631 3043 frater
654 2977 785 3043 sulutem
801 2979 855 3043 etc.
887 2977 1056 3044 Scribimus
1076 2977 1116 3043 ad
1131 2977 1279 3044 dilectum
1293 2977 1391 3044 tilium
1409 2974 1466 3040 nob.

232 3089 332 3156 virum
355 3091 580 3158 Fordinendum
603 3091 822 3174 Hispaniarum
852 3093 1030 3177 principem,
1058 3093 1202 3160 Austriae
1225 3093 1419 3168 archiducem,
1439 3091 1467 3153 ut

231 3225 301 3272 cum
324 3206 485 3290 probitatis
508 3208 539 3272 et
561 3207 654 3272 otficii
677 3207 733 3286 eui,
763 3208 830 3273 tum
853 3209 957 3273 nostra
987 3207 1079 3274 etium
1103 3227 1195 3274 causa
1217 3208 1294 3273 uelit
1315 3207 1391 3274 inter
1411 3223 1465 3268 ran

230 3321 356 3387 nauem
387 3322 562 3405 episcopum
585 3321 847 3388 Hildesemcnsem
877 3325 909 3389 et
931 3323 1057 3389 dilectos
1087 3324 1167 3389 filios
1190 3324 1259 3388 nob.
1284 3323 1364 3390 viros
1388 3320 1465 3386 duces

231 3437 476 3502 Brunsuicenses
500 3437 570 3503 lites
597 3439 629 3504 et
651 3437 817 3504 discordias
841 3457 944 3504 eorum
967 3457 1152 3522 componere,
1182 3457 1293 3521 eosque
1316 3438 1355 3504 ad
1375 3453 1465 3520 pacem

229 3553 260 3617 ct
282 3551 472 3618 concordiem
495 3551 639 3636 redigere,
670 3553 748 3618 sicut
763 3572 833 3618 eum
856 3573 909 3636 pro
932 3555 1029 3636 ipsius
1051 3554 1167 3638 inclyte
1194 3553 1310 3637 pietate
1333 3557 1363 3618 et
1382 3548 1465 3616 ammi

229 3666 442 3751 magnitudine
465 3667 616 3733 facturum
639 3686 706 3733 esse
728 3667 917 3748 confidimus,
941 3670 1121 3752 praesertim
1145 3669 1172 3734 si
1193 3670 1226 3734 in
1248 3669 1281 3734 id
1297 3667 1421 3735 hortatio
1440 3665 1466 3728 ot

228 3780 390 3850 consilium
420 3785 490 3848 tuac
519 3783 721 3849 fraternitatis
745 3783 874 3849 accedet
921 3782 1004 3863 Quae
1029 3785 1064 3864 si,
1088 3788 1122 3850 ut
1150 3803 1300 3868 personae
1323 3789 1354 3850 et
1379 3779 1464 3848 officio

173 3926 176 3934 ·
228 3916 282 3963 suo
305 3898 453 3976 convenit,
476 3916 591 3982 nosque
613 3917 778 3982 speramus,
803 3919 890 3964 suam
913 3900 1178 3966 etauctoritatem
1201 3901 1233 3965 et
1255 3917 1375 3983 operam
1396 3893 1464 3979 apud

227 4012 355 4080 eundem
380 4012 572 4079 archiducem
594 4013 817 4098 interposuerit,
846 4016 911 4081 Deo
934 4014 1057 4100 quidem
1079 4015 1252 4098 inprimis,
1283 4017 1349 4080 tum
1369 4009 1464 4079 deinde

226 4129 315 4194 nobis
337 4148 402 4195 rem
424 4131 598 4213 pergratam
621 4130 739 4196 efficiat.
771 4127 1033 4208 Quemadmodum
1056 4132 1130 4197 baec
1152 4130 1204 4196 dil.
1221 4131 1303 4196 filius
1325 4130 1462 4210 Hieronp-

226 4264 296 4310 mus
319 4245 464 4311 Rorarius
487 4246 616 4312 nuncius
647 4249 750 4312 noster
778 4245 898 4331 plenius
928 4246 1099 4330 explicabit.
1145 4245 1260 4313 Datum
1284 4247 1395 4312 Romae
1416 4245 1462 4308 cto.

227 4357 275 4422 dia
299 4359 360 4423 viii.
384 4359 525 4425 Jenuarii
548 4361 678 4426 mdrrvi.
724 4359 813 4426 Anno
836 4361 934 4426 tertio.

1181 4477 1386 4563 direngebsta.
