3128 4908
762 263 1006 368 ,aso-

849 500 922 567 217.

630 663 782 726 Carolus
804 665 846 725 V.
868 663 1040 724 Clementi
1060 665 1133 724 vn.

708 773 794 860 (lio.
810 775 904 858 princ.
920 773 961 840 Il.
977 773 1066 859 236).

755 891 798 978 (9.
814 889 892 956 Julii
910 888 1019 975 1524).

348 1051 533 1118 Beatissimo
558 1051 645 1134 pater
667 1049 789 1117 domina
818 1050 1076 1118 reverendissime.
1122 1050 1241 1118 Monita
1270 1053 1360 1137 atquo
1381 1053 1490 1118 consilia

259 1167 433 1236 sanctitatis
447 1169 566 1234 vastae
581 1166 694 1232 amoris
709 1167 741 1231 ct
756 1166 981 1232 benevolentiae
990 1168 1088 1251 plena,
1103 1186 1179 1251 quae
1194 1187 1230 1234 cx
1245 1168 1380 1234 clumam
1396 1169 1491 1234 littaris

259 1285 340 1350 datis
356 1303 421 1351 xxv.
437 1283 486 1349 dic
500 1281 579 1348 Maii
600 1281 797 1366 cognovimus
820 1301 882 1348 non
895 1282 999 1348 miuus
1014 1282 1102 1349 nobis
1117 1284 1207 1367 grata
1228 1283 1403 1351 accidcnmt
1415 1302 1490 1368 qmn

259 1419 295 1466 ca
310 1418 387 1483 quae
402 1399 490 1465 nobis
505 1400 571 1463 tam
594 1398 725 1482 benigno
740 1398 854 1482 largita
872 1398 927 1477 est,
950 1417 1044 1482 quaro
1059 1398 1231 1484 (fatendum
1247 1402 1296 1465 cst
1310 1398 1406 1486 onim)
1421 1399 1490 1464 ride

260 1535 329 1580 mus
351 1533 406 1582 nos
422 1514 589 1580 maioribus
604 1512 738 1598 quotidie
760 1513 983 1598 obligationum
999 1513 1129 1580 vinculis
1152 1534 1225 1599 erga
1239 1515 1341 1600 ipsam
1356 1515 1491 1581 devinciri

259 1629 411 1711 Quoniam
433 1647 502 1696 vcro
525 1648 587 1695 non
608 1630 711 1696 minus
742 1631 848 1695 nostra
869 1630 1017 1696 interesse
1039 1630 1235 1710 arbitramur,
1267 1630 1342 1716 quid
1364 1631 1401 1699 de
1422 1631 1492 1696 nobis

258 1745 414 1813 existimet
435 1746 504 1830 ipso
525 1747 627 1812 vostra
650 1746 798 1812 sanctitas
821 1763 914 1831 quam
936 1747 971 1811 ut
995 1745 1089 1833 (quod
1111 1765 1208 1831 nequo
1223 1746 1389 1813 admodum
1410 1745 1490 1812 modi·

259 1881 329 1929 mus
351 1863 477 1928 naturae
499 1861 621 1927 nostroe
643 1859 791 1946 ebenum)
816 1860 915 1928 officio
937 1862 1009 1928 boni
1031 1862 1178 1946 principis
1199 1862 1233 1929 in
1255 1863 1348 1928 rebus
1370 1861 1491 1928 omuibm

259 1977 493 2057 satisfaciamus,
515 1976 695 2061 pollicemur
716 1978 748 2042 ot
770 1975 867 2043 denuo
889 1979 1009 2043 vestrae
1032 1976 1190 2044 sanctitati
1213 1995 1269 2044 nos
1292 1977 1380 2044 illius
1400 1975 1491 2061 graba

257 2093 303 2160 ita
324 2093 448 2159 iuvante
462 2093 579 2177 optimo
601 2092 666 2158 Dco
688 2110 804 2172 usuros,
828 2093 938 2160 utnon
962 2093 1061 2158 solum
1084 2093 1162 2172 nihil
1178 2112 1314 2178 unquam
1337 2113 1373 2159 cx
1388 2111 1420 2159 co
1432 2110 1489 2176 poe·

259 2209 355 2276 nitere
377 2211 511 2275 vostram
534 2208 729 2275 sanctitatem
753 2208 858 2292 possit
882 2207 935 2274 sed
957 2208 1105 2274 maiorem
1127 2209 1160 2275 in
1182 2209 1248 2275 dico
1264 2210 1446 2294 voluptatam
1464 2225 1490 2270 ox

259 2342 314 2391 sua
343 2343 416 2409 erga
444 2343 500 2390 nos
528 2323 713 2390 liberalitate
744 2323 785 2389 sit
813 2325 998 2408 perceptura
1044 2323 1139 2392 Novit
1168 2325 1233 2408 ipsc
1262 2324 1347 2391 idem
1376 2323 1491 2408 optimus

258 2442 350 2520 Deus,
374 2440 526 2525 cogitatus
549 2441 678 2518 nostros,
701 2438 828 2506 consilia
842 2440 947 2505 nostra
969 2458 1005 2505 aa
1026 2457 1093 2506 osso
1115 2439 1264 2525 precipue,
1287 2443 1427 2524 utquam
1446 2455 1490 2520 po·

258 2555 340 2640 pube
362 2555 507 2640 regimini
529 2555 632 2621 nostm
656 2555 830 2622 commissis
853 2556 921 2620 tum
944 2555 1102 2623 univorsos
1121 2555 1309 2623 christianae
1331 2553 1492 2640 reipublicae

259 2672 406 2756 quantum
431 2669 545 2754 optimc
577 2689 695 2754 sempor
725 2670 897 2736 consultum
927 2670 1065 2736 velimus.
1110 2671 1211 2755 Atque
1240 2671 1361 2738 ubnam
1388 2671 1490 2736 tantun

259 2785 401 2871 consequi
423 2804 581 2870 possemus
603 2786 752 2870 quantum
774 2787 923 2870 optamus.
961 2785 1061 2852 Nemo
1075 2785 1208 2871 proiecto
1230 2788 1302 2870 post
1317 2785 1490 2853 sanctitatem

260 2903 394 2969 vestram
406 2919 460 2968 nos
470 2901 734 2986 vincetrcligiono,
751 2901 881 2982 iusticia,
896 2901 1195 2986 pietatapmdcntia
1211 2902 1396 2988 caeterisque
1409 2897 1490 2986 parfi-

260 3019 317 3084 bus
340 3036 417 3104 quae
431 3035 537 3083 verum
559 3013 721 3084 ctOhristi
742 3017 868 3084 Domini
890 3017 1020 3095 fidelem,
1044 3037 1079 3084 ac
1094 3018 1280 3085 monitomm
1295 3019 1411 3085 vestae
1432 3033 1489 3081 san·

260 3133 377 3201 utitatis
393 3131 707 3214 observantissimum,
728 3133 897 3218 principem
919 3132 1033 3200 decant.
1078 3133 1167 3200 Faxit
1184 3133 1230 3199 ita
1251 3131 1489 3201 clementissimus

261 3250 353 3328 Dens,
376 3250 543 3316 habeamus
567 3249 762 3316 sanctitatem
785 3249 919 3316 vcsbam
942 3267 1019 3333 quac
1042 3248 1081 3314 ad
1096 3250 1211 3316 multos
1233 3267 1331 3317 annos
1349 3249 1410 3314 suis
1431 3263 1487 3310 sau·

262 3365 411 3432 ctissimis
434 3364 570 3432 masiliis
592 3383 649 3432 nos
672 3382 791 3448 semper
805 3364 929 3449 erigere,
951 3363 1091 3449 neuque
1114 3365 1208 3430 stiam
1230 3367 1337 3432 nostra
1353 3378 1488 3431 commen·

261 3482 332 3549 darc
353 3482 459 3566 possit.
482 3481 523 3548 llo
545 3482 645 3549 voleat
659 3499 751 3565 quam
766 3479 951 3546 felicissima.
973 3480 1090 3546 Datum
1111 3480 1144 3546 in
1162 3479 1287 3548 dvitatc
1309 3482 1409 3547 nostra
1423 3477 1488 3542 Βιιι·

261 3597 351 3683 gensi
373 3597 423 3664 dia
445 3615 525 3664 noua
547 3597 626 3664 Julii
648 3615 727 3663 anno
753 3596 880 3663 Domini
902 3595 1068 3663 millesimo
1093 3595 1340 3682 quingentesimo
1361 3593 1488 3680 rigesim

260 3716 376 3800 quarto.

350 3945 475 4014 Carolus
497 3945 602 4014 divina
623 3946 744 4014 favente
766 3945 936 4026 clementia,
965 3947 1079 4013 alectus
1101 3945 1310 4014 Romanorum
1337 3939 1488 4030 imputabo

261 4083 379 4149 sempor
415 4064 575 4149 Augustus
612 4083 647 4130 ac
684 4061 883 4142 Germaniae,
919 4062 1153 4147 Hispaniarum,
1194 4063 1350 4149 utiusque
1383 4053 1488 4125 Siciliae

263 4181 391 4248 Hicrlm.
415 4182 470 4247 etc.
493 4199 552 4247 ren

1055 4293 1189 4362 Carolus.

1223 4412 1280 4479 Pb.
1303 4409 1410 4478 Nicola.
