3128 4908
532 292 775 360 ,909-

44 488 175 554 hdashia
196 488 331 554 multum
353 485 460 571 prohei
473 503 570 570 posse,
594 487 666 552 aits
689 503 778 552 casus
793 485 905 568 aliquia
920 485 960 550 ad
974 503 1025 551 aaa
1047 488 1150 570 partes
1172 488 1276 554 hana-

44 605 128 670 lerrat
157 603 318 670 Nullamne
340 601 401 668 tihi
422 601 545 686 quidem
567 620 623 668 noa
645 600 808 685 quiequam
830 601 980 685 gravioria
1001 602 1102 668 oneris
1124 603 1278 688 imponere

44 738 119 803 quam
146 721 198 785 tua
226 718 369 786 voluntas
398 719 565 801 pateratur;
595 717 649 784 sed
676 717 735 782 hoo
763 717 843 782 certe
871 716 1061 784 crederemus
1090 717 1276 804 omnmspe-

44 835 158 900 edonem
178 836 266 900 tuam
287 852 345 898 usu
376 832 556 898 auctontate
585 831 722 898 consiliis
746 831 774 898 ai
795 851 865 899 oum
894 834 995 918 legato
1024 835 1128 902 nostro
1150 853 1212 900 una
1233 835 1278 902 rei

44 950 201 1016 tractandae
222 949 344 1016 adesset
373 950 464 1033 atque
492 949 680 1016 incumberet
708 949 843 1034 aliquem
865 948 981 1016 exitum
1002 951 1034 1014 et
1056 950 1181 1016 modum
1202 969 1277 1018 con·

44 1065 144 1131 cordiae
164 1066 246 1132 inter
268 1083 319 1131 eoa
342 1065 431 1130 facile
453 1067 649 1149 reperturam.
695 1062 810 1145 Quanti
831 1081 901 1130 roro
916 1064 1008 1130 huius
1031 1083 1148 1151 quoque
1170 1066 1278 1134 inimi·

43 1181 119 1246 citiae
138 1181 316 1265 compositio
339 1180 378 1246 ad
392 1198 585 1248 communem
601 1181 733 1248 salutern
748 1179 907 1266 pertineat,
931 1183 966 1246 hu
981 1201 1035 1265 pro
1050 1183 1103 1247 tua
1117 1181 1279 1267 prudentie

44 1296 201 1362 existimare
223 1295 313 1362 facile
335 1297 437 1380 potes;
466 1295 553 1360 nulla
574 1294 660 1362 enim
682 1315 744 1362 non
772 1297 860 1380 parts
881 1296 1117 1362 christianitatis
1147 1298 1278 1376 turbata

43 1413 164 1477 omnium
185 1411 325 1477 fomunae
346 1411 381 1476 in
402 1409 569 1477 discrimen
591 1412 745 1491 vocantem,
767 1411 831 1478 nisi
852 1412 1001 1496 quantum
1024 1413 1231 1498 unnsquisque
1245 1413 1279 1478 in

44 1527 145 1610 mendo
165 1528 255 1606 valet,
278 1526 490 1594 communibus
513 1525 657 1610 pariendis
679 1525 847 1598 remedium
877 1526 1001 1611 aliquod
1023 1527 1129 1594 aliena
1151 1528 1276 1594 nitatur.

44 1640 147 1726 Inque
167 1641 291 1726 quidem
314 1660 401 1725 opere
416 1661 471 1708 noa
494 1645 644 1727 quantum
659 1659 821 1726 possumus
843 1643 928 1709 nullo
951 1643 1016 1708 looo
1031 1643 1184 1724 desumus,
1207 1644 1280 1712 lioet

44 1756 129 1822 adhuc
149 1757 286 1824 masiliis
307 1759 339 1822 et
361 1757 487 1824 monitis
509 1756 623 1823 nostris
646 1756 796 1843 asperitas
813 1759 986 1842 temporum
1008 1758 1096 1826 valde
1119 1759 1279 1825 adversata

44 1872 85 1936 sit
120 1871 176 1938 Sed
189 1891 251 1940 non
266 1871 445 1939 desistimus
459 1875 572 1952 tamon,
588 1891 700 1958 speque
715 1873 799 1941 omni
814 1873 966 1938 nostruin
981 1873 1040 1940 Dei
1061 1873 1279 1958 omnipotentia

45 1987 142 2054 anxilio
170 1988 279 2072 posita,
302 1988 423 2054 nullum
444 1989 566 2072 tempus
595 1987 869 2072 praetermittimus
892 2007 989 2073 neque
1017 1989 1161 2056 hortandi
1182 2007 1280 2075 neque

45 2103 180 2182 monendi,
202 2122 299 2188 neque
321 2122 390 2170 vero
413 2103 507 2168 etiam
530 2103 725 2188 deprecandi;
748 2103 828 2190 quod
849 2103 962 2170 iustius
984 2105 1079 2171 etiarn
1102 2108 1133 2171 et
1154 2106 1279 2190 maine

45 2217 128 2285 lacera
148 2238 204 2286 nos
226 2219 413 2285 arbitramur
435 2217 515 2303 quod
544 2218 673 2303 privatis
695 2218 838 2285 omnibus
861 2219 1019 2286 affectibus
1042 2220 1166 2287 omissis
1188 2221 1222 2286 in
1244 2239 1281 2287 ea

44 2352 109 2416 quae
129 2353 182 2400 noe
205 2333 291 2400 decet
313 2333 445 2400 manime
466 2334 565 2418 patris
586 2333 777 2420 pastorisque
806 2335 977 2402 communie
999 2353 1127 2421 persona
1157 2354 1279 2421 perma-

44 2467 146 2515 nemus.
189 2447 395 2530 Quamobrem
424 2451 616 2534 praestamus
645 2469 700 2516 nos
729 2449 810 2535 quod
838 2451 979 2516 nostrum
1007 2452 1063 2518 eet
1115 2451 1181 2517 Tua
1211 2469 1280 2518 vero

45 2563 257 2650 circumspectio
281 2565 363 2632 siin
385 2565 443 2631 hac
464 2567 551 2650 parts
565 2584 634 2632 eam
656 2585 749 2651 quum
772 2566 850 2632 solet
870 2565 1055 2633 industriam
1078 2567 1110 2633 et
1131 2565 1281 2652 optimam

45 2679 73 2744 in
90 2682 240 2764 publicum
255 2682 370 2747 bonum
384 2679 558 2746 adhibuerit
573 2681 771 2760 voluntatem,
793 2681 978 2766 paulumque
998 2681 1059 2748 eibi
1072 2680 1187 2748 laboris
1209 2701 1282 2767 pro·

47 2797 103 2877 pter
127 2796 171 2862 rei
198 2795 384 2862 christianae
415 2796 546 2862 salntem
576 2795 791 2881 assumpserit,
822 2796 955 2862 mulhim
985 2797 1141 2864 consulere
1170 2799 1240 2880 pote
1258 2798 1283 2862 't

47 2910 265 2978 ohdshanitatie
294 2910 452 2978 commodo
481 2912 513 2977 et
534 2911 747 2978 communibus
772 2911 924 2995 paricidio,
946 2931 1070 2996 remque
1098 2912 1187 2978 nohis
1209 2931 1279 2997 per-

48 3029 161 3108 gratum,
191 3027 339 3113 dignitati
368 3045 441 3092 suaa
469 3027 637 3111 plurimum
666 3045 833 3112 congruam
863 3026 981 3093 efficiet
1028 3028 1143 3093 Dahim
1166 3027 1282 3094 Romae

49 3138 89 3206 dio
108 3143 179 3210 xxix.
202 3141 381 3209 Decembris
404 3141 523 3208 mdxxv.
567 3144 657 3209 Anno
681 3142 818 3209 amando.

624 3401 696 3468 161.

51 3561 170 3627 Dilecto
192 3567 266 3628 iiiio
281 3567 393 3628 nobili
415 3569 496 3627 viro
513 3567 606 3626 dano
622 3567 767 3626 Lascari
782 3565 931 3626 Patrttio
947 3565 1282 3643 Constantinopoli-

442 3687 530 3744 tuno
552 3683 716 3744 familiari
739 3685 878 3742 nostro.

126 3837 239 3904 Dilecta
260 3837 316 3904 iili
362 3835 512 3903 Memores
527 3837 627 3902 adhue
649 3855 752 3903 eorum
769 3835 965 3901 consihorum
988 3854 1023 3901 ac
1045 3835 1185 3903 laborum
1208 3857 1283 3923 quos

54 3949 146 4033 tapso
166 3953 209 4020 rei
229 3953 399 4020 litterariae
420 3953 607 4020 incremento
629 3954 735 4036 gratae
757 3950 921 4018 memoriae
943 3951 1052 4036 patruo
1074 3953 1178 4018 nostro
1200 3953 1283 4019 Ian-

54 4065 135 4132 rentio
161 4068 305 4147 tribuisti,
335 4088 405 4135 oum
435 4069 467 4134 et
494 4067 632 4134 incitasti
654 4085 724 4132 eum
753 4065 880 4133 monitis
909 4066 971 4131 tuis
994 4065 1034 4132 ad
1061 4067 1283 4135 instituendam

56 4195 175 4260 gneum
196 4183 422 4264 alphabetum,
445 4186 477 4250 et
498 4184 629 4269 ipsemet
657 4181 746 4248 libris
769 4181 887 4266 graecis
910 4180 1042 4266 undique
1071 4183 1283 4270 conquirendis

57 4310 158 4378 operam
178 4318 213 4366 ao
235 4298 430 4385 diligentiam
461 4297 645 4374 adhibuisti;
674 4316 743 4364 eam
765 4297 866 4380 ipsam
896 4296 1113 4364 bibliothecam
1142 4299 1284 4385 perlicere

57 4427 121 4478 nuuc
139 4413 331 4494 intendimus,
354 4414 552 4498 dedimusque
579 4412 740 4497 negocium
762 4413 872 4478 ddecto
895 4412 958 4478 filio
982 4413 1152 4480 Alexandro
1175 4415 1283 4480 Paooio

100 4540 189 4584 meu
201 4542 309 4578 meu
323 4541 370 4578 vir.
1083 4524 1123 4588 14
