3128 4908
761 299 1005 368 „afia—

255 515 384 580 cumque
405 495 500 579 copiis
523 499 554 563 et
576 495 718 581 presidiis
740 515 791 564 me
812 495 948 564 rduroiuis
970 496 1115 576 motibus,
1138 496 1190 582 qui
1218 495 1283 563 iam
1305 499 1374 563 anta
1401 495 1485 564 osuiu

255 631 339 678 meos
362 612 568 690 obversantur,
591 612 734 690 obiicere;
757 614 815 680 hoc
836 631 907 679 vero
925 611 1193 680 suntionomihil
1214 633 1264 680 res
1279 613 1416 696 viresque
1432 629 1486 676 mae

254 727 422 806 firmentum,
445 746 504 812 quo
519 729 551 794 id
573 727 701 796 liberius
723 729 802 795 milri
816 747 836 794 a
849 729 966 813 prelato
989 729 1069 797 clero
1084 729 1204 815 exigere
1218 729 1317 807 lioeat
1339 728 1485 796 illisum

255 842 437 927 proripiatnr
452 862 543 909 cause
558 843 717 912 differendi
730 844 822 910 huius
838 843 952 924 auxilii,
967 846 1052 913 velut
1065 844 1130 912 iam
1144 847 1182 912 ob
1197 845 1326 912 Adriani
1348 844 1485 912 dmessun

256 961 388 1027 extincte
411 960 505 1030 simul
526 961 634 1046 gratie,
657 960 856 1028 beatitudinis
872 981 899 1028 v.
915 980 1003 1046 opem
1018 961 1218 1029 invocandam
1234 960 1307 1027 duxi
1321 980 1411 1046 quam
1423 958 1487 1026 milri

256 1076 377 1160 negotio
392 1076 465 1142 adeo
480 1077 650 1143 necessario
665 1079 838 1161 presentem
852 1077 976 1144 omnino
990 1077 1142 1162 polliceor,
1157 1096 1249 1162 quam
1264 1077 1353 1144 unioe
1367 1077 1487 1162 rogatam

255 1211 321 1259 esse
337 1192 430 1258 velim
444 1194 488 1270 ut
510 1192 709 1260 consideratis
724 1194 802 1261 meis
817 1193 1059 1272 nscessitatibus,
1082 1193 1225 1279 dignetur
1241 1193 1322 1260 bano
1336 1191 1486 1276 oonoesdo

256 1327 328 1374 nam
350 1308 542 1394 gratiamque
558 1309 634 1376 mihi
649 1328 704 1394 per
720 1309 823 1394 ipsum
838 1309 1009 1376 Adriauom
1031 1329 1127 1393 nuper
1142 1309 1256 1375 betam
1270 1311 1371 1376 ratam
1386 1311 1487 1394 gratam

256 1424 367 1491 habero
382 1423 619 1508 otnfirmareque
634 1443 719 1491 sacro
735 1444 789 1491 suo
805 1424 979 1510 diplomate.
1014 1413 1155 1492 Preterea
1170 1424 1338 1493 cumidem
1355 1425 1487 1491 Adrianus

257 1539 474 1623 premissorum
496 1541 612 1607 intuitu
634 1540 672 1606 ad
687 1559 851 1625 eorumque
866 1541 1007 1608 effectum
1029 1540 1149 1609 mollius
1165 1540 1388 1626 assequendum
1403 1541 1489 1607 ,redu

255 1653 464 1740 indulgentias
488 1657 544 1722 sub
567 1656 699 1724 cruciate
728 1657 851 1724 nomine
880 1657 1079 1740 publicandas
1102 1655 1273 1736 indulserit,
1302 1675 1381 1742 quae
1401 1657 1488 1722 tamon

256 1789 312 1856 ego
334 1772 472 1840 consulto
494 1771 651 1857 divulgare
673 1773 784 1839 distuli
805 1771 899 1840 donec
921 1773 1126 1841 observabiles
1149 1773 1227 1840 sacri
1242 1772 1354 1857 jeiunii
1375 1770 1487 1857 quadra·

256 1887 374 1972 gumarii
396 1887 461 1954 dies
483 1887 516 1955 in
531 1888 698 1973 propinquo
720 1891 832 1970 essent,
854 1888 983 1956 eandem
998 1889 1217 1956 beatitudinem
1241 1909 1267 1955 v.
1283 1885 1488 1973 implorandam

256 2003 336 2081 duxi,
359 2005 395 2093 ut
415 2004 449 2070 in
471 2003 529 2071 hoc
550 2007 636 2089 parte
656 2023 710 2070 suo
728 2008 854 2089 patemo
876 2005 979 2072 favore
1002 2005 1080 2073 mihi
1105 2005 1283 2090 adspiraret
1329 2003 1414 2071 Certe
1428 2003 1487 2070 bea·

255 2119 354 2187 titudo
377 2141 404 2188 v.
428 2121 518 2187 facim
540 2120 698 2205 premissis
727 2121 885 2206 imperatis
908 2139 970 2188 non
999 2122 1098 2188 solum
1127 2140 1182 2206 pro
1211 2120 1406 2188 defendendis
1425 2117 1489 2185 meis
1553 2157 1554 2242 p

255 2235 416 2320 provintiis
439 2237 655 2322 propemodum
678 2237 711 2304 in
726 2237 862 2322 ipsorum
884 2237 1020 2304 hostium
1043 2237 1181 2304 faucibus
1203 2256 1239 2303 ex
1255 2235 1392 2304 Creatico
1412 2237 1489 2302 latare
1553 2243 1554 2246 ’

256 2353 432 2419 constitutis
454 2351 665 2434 necessariam,
689 2352 742 2420 sad
757 2353 851 2419 otiam
874 2352 1014 2420 universe
1036 2352 1273 2419 christianitatis
1289 2353 1387 2420 saluta
1407 2349 1487 2436 pluri·

256 2488 343 2535 mum
372 2468 501 2535 accadet.
546 2467 702 2554 Siquidem
725 2469 762 2536 de
785 2469 834 2536 his
856 2469 1092 2555 propugnaculis
1115 2467 1195 2554 quod
1217 2469 1308 2554 longe
1331 2463 1488 2536 dextraDsi

256 2585 382 2665 avertat
405 2583 512 2651 hostili
534 2603 628 2650 manu
651 2585 795 2664 subactis,
819 2586 968 2670 quantum
989 2586 1060 2669 post
1074 2585 1225 2651 malorum
1248 2585 1372 2652 maneat
1393 2583 1488 2650 cetaroe

255 2699 353 2784 ipsius
368 2700 605 2766 christianitatis
628 2702 736 2780 emtus,
758 2699 915 2767 beatitudo
932 2719 958 2766 v.
975 2701 1011 2766 ut
1025 2701 1074 2767 est
1095 2699 1328 2784 incomparabili
1350 2695 1487 2784 sapientia
1552 2731 1553 2766 r

255 2815 345 2882 facile
367 2815 514 2882 ooniioere
528 2817 647 2901 poterit.
677 2813 776 2897 Quam
793 2813 933 2882 Christus
956 2815 1043 2882 ouius
1064 2815 1098 2883 in
1120 2814 1211 2882 torris
1226 2816 1325 2882 vicem
1346 2814 1432 2882 refert
1449 2811 1486 2877 ie·

255 2931 345 2998 licem
368 2932 399 2997 et
420 2930 626 2999 inc'olumona
648 2931 861 3016 communique
883 2931 941 2998 hac
964 2931 1139 2999 calamitate
1153 2933 1319 3016 utcumque
1341 2927 1486 2998 cervicibus

255 3046 370 3113 nostris
384 3045 561 3114 imminenti
575 3065 752 3114 conservrns
767 3047 917 3132 dignetur.
940 3047 1058 3115 Datum
1067 3046 1272 3133 Norimbsrge
1284 3046 1334 3114 die
1342 3047 1381 3114 iv.
1390 3041 1487 3113 mansis

256 3162 441 3229 Decembris.
486 3163 576 3229 Anno
597 3163 725 3230 Domini
746 3161 880 3230 mdxriii

916 3277 969 3347 Si·
986 3279 1024 3346 V.
1551 3343 1552 3350 ,

433 3393 570 3462 Humilis
593 3395 625 3460 ot
646 3395 815 3479 obsequens
837 3393 920 3462 iilius
944 3393 1153 3463 llerdinandns
1175 3414 1203 3479 p.
1227 3393 1315 3480 Hiep.
1339 3413 1379 3460 ar.
1400 3391 1484 3459 Aust.

848 3655 919 3722 ros.
951 3751 954 3758 .

474 3819 724 3881 Ferdlnandue
746 3820 847 3880 arch.
870 3821 991 3879 Austr.
1015 3819 1186 3880 Clementi
1213 3820 1285 3880 vn.

681 3927 768 4014 (litt
791 3927 964 4012 principum
985 3927 1009 3994 l
1033 3927 1078 4014 6).

735 4042 801 4129 (ll.
823 4043 895 4110 Deo.
922 4041 1031 4129 1523).

343 4201 544 4270 smcueume
572 4221 608 4268 ac
636 4203 702 4270 bere
731 4203 819 4287 pater
847 4201 965 4271 dned
996 4203 1242 4271 clementissime.
1297 4205 1373 4272 Post
1399 4199 1487 4269 saue

254 4318 345 4400 pedes
360 4317 550 4385 deosculatos
565 4317 714 4386 humilem
737 4317 872 4386 uomend
910 4317 1059 4386 &dimisi
1080 4319 1177 4386 nobili
1192 4318 1277 4388 fideli
1291 4319 1380 4387 uobis
1393 4313 1488 4384 dilato
1549 4387 1550 4390 ,

256 4431 316 4497 don
339 4431 429 4496 Petro
452 4430 489 4497 da
512 4431 649 4500 Corduba
671 4433 777 4499 comiti
792 4432 887 4518 Capra
910 4434 1005 4501 militi
1027 4434 1142 4501 ordinis
1165 4453 1188 4501 s.
1204 4435 1313 4502 Jaoobi
1335 4425 1488 4500 erulam
