3128 4908
563 309 806 378 -245-

76 511 182 594 gratum
203 509 298 577 etiarn
320 509 467 586 futurum,
489 507 638 574 concessit
659 507 781 574 nostrae
803 505 961 582 voluntati,
984 505 1074 588 atque
1090 506 1170 572 huno
1193 525 1308 591 quoque

75 629 132 709 post
152 626 225 694 alios
248 627 362 692 multos
391 626 526 692 lahorem
550 625 589 690 ad
615 627 646 690 ta
674 622 891 708 proficiscendi,
921 625 953 688 et
981 621 1019 688 ad
1049 639 1308 706 eorumquoque

76 741 217 810 Caesarem
241 743 383 826 suscepit,
406 743 445 807 ad
468 761 566 827 quem,
589 759 761 825 quanquam
779 759 814 806 ea
829 759 882 824 per
896 740 973 804 alios
989 739 1161 805 curavimus
1184 737 1308 823 perferri

75 863 164 925 nostra
178 861 335 940 desideria,
358 861 462 926 tamen
483 859 517 924 in
539 859 607 942 ipso
623 860 675 923 tuo
697 857 814 922 oratore
836 856 1005 922 maximum
1020 855 1208 922 momentum
1224 855 1308 920 illius

75 977 200 1042 movendi
222 979 253 1042 et
276 975 423 1042 suadendi
444 975 610 1060 posuimus.

151 1092 231 1174 Quae
246 1095 349 1160 autem
366 1093 451 1158 atna
468 1097 550 1158 ser.te
571 1091 762 1176 requirimus,
785 1110 821 1157 eu
836 1091 910 1156 haee
926 1093 1005 1168 sunt,
1028 1092 1163 1174 primum
1178 1089 1212 1154 ut
1230 1087 1309 1170 quod

77 1209 107 1274 ad
121 1229 218 1294 paoem
242 1229 436 1276 communem
458 1209 490 1275 et
504 1209 672 1276 remedium
689 1209 833 1274 adversus
848 1208 1094 1275 onrdelissimum
1117 1208 1237 1274 hostem
1252 1225 1309 1290 pa·

78 1326 190 1394 rendum
205 1329 345 1411 pertinet,
368 1327 400 1393 in
416 1345 450 1392 eo
466 1326 541 1392 volis
565 1345 685 1393 omnam
702 1325 766 1392 vim
781 1325 923 1392 adhihere
946 1328 977 1391 ot
992 1325 1115 1390 virtutis
1131 1325 1162 1390 et
1176 1321 1308 1388 auotori-

76 1443 138 1510 tatis
152 1447 181 1511 et
195 1445 348 1528 potentias
364 1446 449 1519 tuae;
472 1441 588 1522 deinde,
605 1445 631 1509 si
655 1444 715 1510 alia
730 1443 808 1510 ratio
824 1441 941 1527 negocii
956 1441 1133 1510 conficiendi
1147 1439 1312 1524 expeditior

76 1581 126 1628 nou
140 1563 279 1642 occurrat,
302 1563 383 1629 diem
399 1563 430 1629 et
443 1562 544 1629 loounr
560 1562 730 1628 atmodum
752 1560 829 1626 velis
844 1558 1089 1626 constituendum
1112 1575 1216 1624 curare
1239 1559 1310 1622 sua·

77 1677 160 1744 dendo
181 1680 237 1746 hoo
260 1678 390 1758 Caesari,
421 1678 501 1745 etsi
525 1679 619 1744 etiam
643 1677 701 1743 tihi
724 1677 862 1743 rideatur
884 1674 1139 1742 christianissimo
1168 1673 1250 1757 regi,
1278 1672 1313 1737 ut

77 1795 242 1879 colloquium
274 1799 415 1862 sanctum
437 1797 468 1862 et
492 1795 624 1861 salutare
646 1795 713 1860 lieri
735 1795 841 1878 possit,
873 1772 951 1858 siout
973 1810 1028 1858 nos
1059 1809 1175 1876 quoque
1205 1789 1311 1855 ambos

77 1911 183 1978 oscen
205 1931 292 1997 reges
316 1933 377 1978 non
401 1913 498 1978 solum
529 1912 688 1978 hortamur
709 1931 763 1995 per
792 1910 918 1976 nuncios
940 1910 1061 1975 nostros
1083 1927 1189 1974 venum
1218 1905 1312 1971 etiarn

77 2027 262 2094 obsecremus.
309 2027 373 2095 Nos
397 2029 480 2094 enim
503 2032 580 2094 ser.ti
598 2029 669 2094 tuae
684 2027 870 2111 pollicemur,
895 2026 923 2092 si
943 2025 1036 2091 huius
1051 2024 1148 2108 optati
1170 2022 1314 2104 oolloquii

77 2141 138 2208 deta
158 2145 214 2210 erit
236 2145 376 2222 facultas,
400 2161 455 2210 nos
470 2145 699 2228 pmmptissimo
715 2147 746 2210 et
768 2141 974 2210 libentissimo
989 2141 1092 2207 animo
1113 2140 1187 2206 illue
1210 2157 1311 2204 acces·

78 2277 159 2339 suros,
180 2279 397 2344 personamque
413 2263 551 2326 nostram
573 2261 715 2327 omnihus
738 2259 880 2344 periculis
903 2277 956 2342 pro
979 2257 1037 2324 Dei
1060 2259 1091 2322 ot
1113 2255 1184 2322 fidei
1200 2253 1315 2320 Christi

77 2375 195 2442 utilitate
217 2379 248 2442 et
271 2395 362 2442 eausa
386 2376 563 2452 obiecturus,
586 2375 665 2461 quod
688 2377 733 2441 itu
754 2375 887 2441 maxime
909 2373 975 2440 fieri
991 2374 1139 2456 cupimus,
1162 2373 1197 2436 ut
1218 2369 1312 2436 etiam

76 2491 251 2571 interveniet
275 2493 303 2557 si
324 2492 422 2576 possit
443 2492 517 2570 fieri,
541 2498 636 2558 sere·
658 2493 720 2570 tue,
745 2492 791 2557 vel
806 2491 954 2556 hortatrix
969 2487 1152 2564 concordiae,
1175 2487 1223 2552 vel
1239 2504 1311 2550 eon-

75 2605 211 2674 ditionum
233 2608 448 2686 confirmatrix,
471 2607 550 2693 quod
564 2609 618 2674 tua
640 2608 771 2673 marium
787 2607 966 2672 auctoritate
988 2604 1099 2689 poterit
1120 2603 1208 2670 effici.
1247 2599 1311 2665 Nec

76 2724 167 2789 umen
188 2724 374 2791 arbitramur
396 2724 509 2790 iactum
532 2724 631 2789 ullum
653 2722 845 2808 praeclarius,
869 2723 922 2788 aut
945 2721 1107 2806 gloriosius
1130 2737 1219 2802 posse
1241 2735 1259 2781 e
1281 2717 1311 2781 te

77 2837 124 2904 hcc
145 2843 276 2924 tempore
300 2839 421 2924 suscipi,
443 2839 572 2924 dignum
595 2841 648 2904 tua
671 2841 702 2904 et
724 2839 859 2921 parentis
886 2836 933 2904 tui
955 2836 1061 2921 gloria.
1107 2833 1168 2914 Qui
1190 2832 1311 2918 quidem

77 2955 137 3020 tuus
159 2959 243 3040 pater
264 2976 334 3022 cunr
357 2975 478 3023 omnem
494 2957 625 3021 aetatem
649 2973 736 3020 suem
759 2955 791 3020 in
815 2974 846 3020 re
861 2952 976 3018 Christi
999 2955 1031 3019 et
1045 2951 1204 3035 religionis
1227 2948 1309 3014 chri-

78 3071 180 3138 stianae
202 3073 419 3157 propagatione
442 3072 679 3156 consumpserit,
709 3072 871 3153 tantaeque
901 3069 1001 3134 laudis
1031 3065 1231 3133 hereditatem
1255 3063 1313 3128 tibi

77 3187 227 3271 reliquerit,
251 3187 374 3254 advenit
396 3206 476 3253 nunc
491 3190 620 3271 tempus,
644 3205 704 3253 non
721 3185 956 3270 optabile‘illud
978 3183 1109 3268 quidam,
1134 3179 1186 3246 sed
1210 3181 1313 3244 tamen

77 3301 126 3367 tibi
146 3305 266 3388 quidem
289 3303 525 3381 accommodum,
555 3321 614 3386 quo
642 3301 726 3367 brari
751 3301 848 3384 spatio
878 3317 937 3365 uno
960 3299 1092 3365 meriruo
1115 3299 1146 3362 et
1168 3295 1313 3378 opportu-

79 3418 193 3486 nissimo
207 3421 292 3504 pacis
315 3438 402 3503 opere
418 3421 448 3484 et
471 3418 597 3484 consilio
614 3417 698 3482 illius
722 3419 898 3500 perpetuam
922 3415 953 3480 et
975 3413 1119 3479 eximiam
1142 3410 1263 3476 laudem
1279 3429 1313 3474 err

80 3535 174 3601 multis
195 3535 320 3621 pietatis
343 3535 483 3618 operibus
500 3534 682 3618 acquisitam
698 3532 797 3616 possis
820 3531 1002 3615 adaequare:
1025 3529 1116 3596 debas
1132 3528 1235 3592 autem
1258 3525 1314 3590 hoc

80 3649 133 3714 Deo
154 3653 183 3716 et
205 3652 249 3718 eis
273 3649 386 3717 divinis
416 3649 593 3715 muneribus
617 3667 651 3712 ao
674 3646 843 3724 beneficiis,
873 3667 949 3730 quae
979 3645 1037 3711 tihi
1059 3647 1097 3709 ab
1120 3643 1174 3708 illo
1204 3641 1315 3706 collata

79 3767 216 3833 multost
238 3785 352 3851 magna
376 3767 454 3831 sunt.
499 3765 649 3848 iuquam
674 3763 830 3847 siparum
860 3765 965 3848 gratus
988 3761 1149 3844 reperirere
1178 3755 1315 3822 timenda

79 3879 152 3948 illius
172 3883 216 3949 ira
231 3882 461 3967 indignatioque
477 3882 565 3947 esset.
611 3881 704 3944 Porro
728 3897 775 3944 res
791 3877 976 3944 christianae
998 3877 1031 3943 in
1054 3875 1238 3942 eumloonm
1257 3870 1313 3935 ad·

80 3993 174 4064 ductae
195 4001 284 4075 sunt,
312 3999 349 4062 ut
370 3999 424 4063 aut
452 3996 543 4062 celeri
572 3993 703 4060 remedio
733 3993 876 4059 maximis
905 3991 1133 4076 urgentissimis
1163 4007 1223 4054 non
1252 3987 1315 4052 iarn

81 4111 209 4190 perimlis
233 4113 287 4179 sed
308 4111 446 4178 cladibus
476 4108 693 4178 occurrendum
718 4108 773 4188 sit,
804 4110 858 4173 eut
880 4108 999 4174 nullum
1022 4105 1149 4190 posthac
1178 4101 1316 4167 hrtumm

83 4223 117 4288 sit
137 4227 315 4304 remedium
338 4229 423 4293 cuius
446 4225 573 4293 remedii
602 4223 775 4290 inveniendi
799 4242 853 4290 nos
878 4241 1031 4289 summanr
1054 4218 1206 4303 quandam
1231 4234 1316 4300 spem

83 4341 109 4402 et
128 4343 293 4424 opinionem
316 4343 350 4409 in
371 4343 425 4408 tua
455 4347 536 4407 ser.te
563 4338 715 4424 ponimus,
746 4358 822 4424 quae
845 4358 882 4405 ne
905 4357 960 4404 nos
984 4337 1073 4402 fallat
1102 4334 1196 4401 etiam
1226 4333 1316 4416 atqua

84 4454 165 4522 eham
184 4461 214 4525 te
235 4479 288 4547 per
311 4459 425 4526 viscera
448 4453 673 4525 misericordiae
691 4453 748 4520 Dei
770 4453 867 4522 nostri
890 4453 1086 4521 obtestamur.
1132 4447 1191 4518 Sed
1214 4444 1315 4520 dahis
