3192 4930
598 323 820 389 ..21-

97 531 152 579 rere
175 513 397 597 poenitentium
420 514 448 579 si
470 516 508 581 ab
530 515 588 581 hoc
611 515 721 582 scelere
744 514 861 580 absolvi
883 514 1090 598 postulabunt.
1142 514 1190 580 De
1210 515 1242 580 te
1264 533 1335 580 vero

96 631 119 693 et
135 629 174 694 de
196 631 345 714 episcopis
372 631 437 695 illis
466 631 541 697 haec
562 631 668 697 nostra
697 631 848 697 mutantia
870 649 951 696 nunc
973 629 1096 714 quidem
1118 631 1175 708 est,
1203 631 1239 695 ut
1260 629 1332 695 illos

97 745 118 808 si
134 764 204 811 uere
228 745 323 812 delati
352 749 425 812 sunt
447 747 598 812 fateamur
619 747 727 813 fecisse
756 746 789 813 id
812 745 892 831 quod
913 765 974 812 uon
996 745 1129 824 decebat,
1157 747 1188 811 te
1211 744 1336 810 veroid

96 860 165 944 quod
187 879 248 927 666
270 861 417 927 debuisti:
440 863 472 927 et
495 863 627 928 sienim
649 861 826 947 quaudoque
848 861 987 926 homines
1003 861 1113 945 polluti
1128 862 1209 939 sunt,
1232 879 1333 926 sacer·

96 973 203 1042 dotium
225 978 330 1043 16666
352 978 492 1043 sanctum
515 979 578 1043 est:
605 997 660 1043 nec
688 977 790 1042 tuito
818 977 929 1044 liberes
961 976 1099 1042 animum
1128 977 1215 1042 tuum
1245 994 1334 1041 onore

95 1091 286 1158 conscientiae
308 1093 343 1157 ut
363 1094 395 1159 te
417 1093 497 1159 nihil
519 1095 573 1158 aut
594 1112 703 1177 parum
727 1093 943 1159 commeruisse
967 1093 1074 1176 culpas
1095 1091 1188 1158 dicas.
1232 1091 1333 1157 Immo

95 1205 132 1271 fili
159 1207 318 1274 carissime
348 1227 450 1274 coram
479 1207 544 1275 Deo
574 1227 704 1294 agnosce
726 1210 884 1293 peecatum
915 1209 1005 1274 tuum
1035 1209 1071 1273 ut
1093 1206 1334 1272 misericordiam

95 1324 286 1407 consequaris,
316 1343 418 1390 coram
448 1325 530 1391 enim
552 1325 607 1390 illo
635 1341 697 1390 non
726 1326 760 1390 tu
782 1325 846 1390 ism
875 1344 927 1390 rer
949 1324 1003 1390 sed
1025 1343 1129 1390 servus
1152 1343 1200 1390 es:
1228 1343 1333 1388 verum

93 1439 170 1504 tanto
192 1440 290 1505 maior
312 1441 403 1524 atque
426 1440 570 1506 excelsior
591 1460 651 1522 rer,
681 1442 794 1526 quanto
818 1439 964 1506 humilior
993 1440 1077 1506 illius
1108 1439 1223 1506 summi
1250 1438 1332 1524 regis

96 1573 206 1620 servus:
229 1555 287 1620 hoc
308 1555 368 1622 tibi
389 1557 546 1639 peccatum
569 1558 642 1624 ante
663 1557 762 1623 Deum
791 1557 950 1622 humiliter
978 1556 1156 1641 agnoscenti
1183 1557 1215 1622 et
1237 1554 1333 1621 dictos

94 1668 240 1754 episcopos
262 1672 405 1738 contiuuo
427 1672 540 1738 missos
563 1675 594 1739 61
616 1672 727 1739 liberos
749 1673 883 1753 facienti,
906 1673 964 1738 soli
978 1672 1137 1738 dumtaxat
1158 1671 1333 1738 misericor·

94 1783 168 1852 diam
184 1790 222 1853 st
243 1787 424 1854 beneficium
453 1789 635 1872 spostolicae
668 1788 869 1856 absolutionis
896 1789 1005 1854 harum
1035 1789 1207 1855 litterarum
1231 1788 1335 1874 uigore

92 1899 260 1969 innomine
282 1903 409 1970 Domini
430 1903 638 1970 concedimus:
668 1905 727 1970 hac
748 1904 919 1971 conditione
941 1905 1046 1970 166666
1070 1905 1113 1983 ut,
1136 1904 1226 1970 dictis
1249 1903 1332 1987 epis-

94 2017 168 2100 copis
190 2019 311 2084 omnino
333 2019 481 2099 liberatis,
503 2019 568 2086 Deo
597 2021 628 2086 16
650 2022 682 2085 61
703 2019 796 2086 fidem
820 2021 904 2086 tuam
926 2019 1101 2104 obstringas
1123 2019 1333 2102 nunquamte

92 2134 209 2214 posthac
230 2135 307 2200 talia
327 2135 581 2220 perpetraturum,
604 2154 639 2200 ac
654 2135 688 2200 in
702 2136 829 2220 utraque
852 2135 1002 2202 dictorum
1016 2135 1225 2220 episcopcmm
1247 2134 1331 2201 dioe-

92 2249 148 2313 cesi
168 2251 227 2315 tres
249 2251 282 2316 et
303 2252 366 2316 tres
388 2249 507 2336 puellas
530 2251 659 2330 subdes,
682 2270 758 2335 quas
780 2251 901 2335 egestas
929 2252 1057 2334 premat,
1079 2251 1206 2316 castitas
1229 2252 1332 2317 sutem

91 2364 279 2444 commendet,
302 2365 414 2450 nuptui
434 2365 574 2431 adhibita
596 2366 666 2433 dots
687 2366 800 2447 tradas,
824 2367 1047 2451 salutaremque
1062 2365 1170 2432 deinde
1190 2366 1332 2451 peniten-

92 2593 264 2680 adimpleas;
287 2596 399 2682 quibus
421 2597 644 2664 conditionibus
673 2617 727 2682 per
749 2599 779 2663 te
802 2598 890 2682 plene
911 2597 1053 2682 perfectis
1082 2599 1172 2682 atquc
1196 2597 1332 2676 servatis,

91 2712 181 2777 omnis
202 2713 348 2779 restituta
370 2713 430 2779 tibi
458 2712 500 2779 sit
522 2713 556 2779 in
578 2713 763 2780 conscientia
792 2715 846 2780 tua
867 2732 925 2798 par
948 2712 1028 2798 apud
1050 2715 1151 2780 Deum
1179 2712 1280 2798 gratia
1303 2714 1334 2779 et

91 2825 295 2894 misericordia.
335 2825 404 2908 Sed,
426 2831 462 2894 ut
483 2829 532 2896 est
553 2827 653 2895 nostri
674 2828 838 2914 pastoralis
860 2827 954 2894 officii
975 2829 1170 2912 precantibus
1193 2847 1255 2894 uon
1275 2846 1331 2895 ne-

89 2957 155 3022 gare
174 2945 304 3024 reniam,
325 2945 372 3010 ita
393 2945 442 3010 est
462 2944 724 3030 indelinquentes
747 2943 891 3012 adhibere
913 2944 1115 3024 seueritatem,
1137 2963 1247 3028 eosque
1261 2964 1331 3029 pre·

91 3059 187 3125 sertim
208 3062 263 3146 qui
277 3060 442 3146 episcopali
456 3061 569 3127 honore
584 3061 705 3145 prediti,
727 3080 802 3145 quos
819 3079 873 3126 suo
889 3060 1063 3126 sanctitatis
1078 3061 1214 3145 exemplo
1229 3080 1333 3145 regere

90 3175 205 3256 populos
227 3177 260 3242 61
281 3176 414 3261 dirigere
429 3175 541 3242 debent
561 3175 596 3242 in
610 3177 708 3242 uitam
722 3176 854 3256 beatam,
875 3176 1027 3260 pravitate
1042 3195 1163 3242 morum
1185 3178 1217 3243 et
1230 3176 1330 3260 turpi·

91 3285 186 3356 tudine
206 3292 289 3358 ritae
303 3289 458 3357 deducunt
479 3310 583 3357 secum
598 3290 637 3356 ad
658 3292 835 3357 interitum:
858 3293 1041 3375 quapropter
1055 3290 1131 3356 duos
1153 3290 1231 3356 istos
1246 3291 1329 3374 spis-

91 3418 171 3485 copos
192 3425 267 3490 quos
289 3406 372 3490 apud
393 3425 450 3472 nos
464 3407 519 3472 tua
542 3407 690 3472 serenitas
712 3407 867 3472 tantorum
890 3407 1055 3472 criminum
1068 3406 1192 3472 nominc
1213 3405 1333 3487 detulit,

91 3515 170 3586 citari
198 3523 340 3590 iubemus
370 3541 425 3606 per
455 3521 602 3588 nuncium
635 3522 669 3588 iu
701 3522 797 3590 sacris
826 3521 985 3588 ordinibus
1015 3522 1217 3588 constitutum
1240 3542 1332 3606 quom

91 3631 148 3700 rim
175 3639 305 3704 66666616
344 3637 504 3722 apostolici
532 3637 565 3704 in
595 3636 653 3703 hoc
683 3638 819 3704 obtinere
854 3637 1045 3703 deceruimus
1075 3657 1166 3723 quem
1201 3637 1332 3704 dilectus

91 3745 166 3816 liius
185 3755 287 3820 nostor
308 3751 340 3818 N
364 3803 371 3819 .
395 3805 401 3820 .
425 3803 433 3819 .
456 3753 562 3837 ,(616)
580 3753 775 3837 provincialis
798 3752 1005 3838 Portugalliss
1027 3753 1154 3836 elegerit
1175 3753 1207 3819 et
1228 3753 1330 3818 norni-

91 3866 206 3946 naverit,
227 3868 275 3933 oui
298 3887 389 3952 super
403 3868 460 3934 boc
482 3867 708 3952 amplissimam
730 3869 914 3954 potestatem
930 3867 1039 3932 damru
1061 3869 1096 3933 ut
1118 3887 1220 3933 coram
1242 3869 1330 3933 uobis

93 3975 259 4049 inromana
281 3984 366 4049 curia
396 3985 427 4049 et
455 3983 526 4050 6616
549 4002 600 4050 666
622 3983 737 4050 iudices
760 4003 834 4068 quos
863 4003 919 4050 uos
940 3983 1006 4048 illis
1035 3983 1249 4066 deputabimus
1273 3984 1329 4048 sub

94 4092 258 4172 privationis
281 4100 314 4165 st
335 4098 470 4166 nominis
492 4101 524 4164 61
537 4099 661 4165 honoris
684 4099 864 4183 episcopalis
887 4117 965 4182 pena
981 4100 1190 4182 compareant3
1214 4099 1247 4162 iu
1269 4116 1328 4182 quo

94 4211 273 4280 serenitatem
295 4215 383 4279 tuam
405 4232 467 4280 non
482 4215 582 4280 solum
600 4214 759 4281 hortamur
780 4215 815 4281 in
836 4213 976 4292 Domino,
1001 4213 1054 4278 sed
1076 4213 1171 4278 etiam
1194 4212 1328 4280 studiose

93 4325 259 4405 requirimus
281 4331 317 4394 ut
348 4332 380 4394 et
408 4331 583 4394 accusatore
612 4329 798 4394 attactibus
829 4329 874 4394 rei
896 4328 1023 4394 ueritate
1054 4327 1214 4392 instructis
1237 4328 1269 4392 et
1290 4327 1329 4392 ad

95 4433 145 4500 hoc
170 4439 309 4508 iudicium
342 4445 447 4509 missis
480 4445 537 4510 hoc
560 4463 613 4528 per
636 4462 691 4509 nos
721 4443 846 4509 initium
875 4443 941 4508 tam
970 4443 1179 4527 corruptorum
1208 4461 1328 4509 morum
