3132 4910
528 245 772 311 -311-

46 443 170 510 16616666
196 445 371 510 constanter
399 446 431 510 et
452 446 569 529 prestat
596 445 628 510 et
650 446 758 510 servat
804 443 905 510 Facile
933 445 1037 510 166666
1066 441 1191 528 conjicio
1214 459 1274 507 666

45 557 156 626 demisse
177 560 352 640 malevolos,
374 560 483 626 omitto
506 560 591 644 vulgi
613 559 795 645 opinionem,
823 560 876 644 qui
899 559 1071 627 studuerint
1099 558 1273 626 61161666-

45 674 125 740 verint
145 675 284 742 animuin
306 675 452 760 principis
468 697 494 742 v.
512 696 534 742 s.
552 695 643 760 supra
665 695 758 760 quam
780 675 841 741 dici
862 677 964 760 potest
987 677 1093 761 suapte
1115 671 1273 740 deditissi-

47 811 115 856 mum
134 791 274 870 ahenam,
297 792 349 858 sed
368 811 435 858 mec
451 792 573 878 quidem
589 791 720 858 adventu
742 793 778 856 ut
792 791 878 858 video
901 791 1097 858 formidinem
1118 788 1210 855 huius
1232 788 1276 853 rei

46 906 68 970 si
85 925 166 990 qmm
195 909 371 993 conceperat
393 908 496 974 animo
525 909 608 974 exuit
630 909 662 974 et
688 907 884 974 confirmatus
907 907 1019 973 666661.
1064 905 1215 972 Juvorrmt
1237 902 1276 969 ad

45 1021 91 1087 hoc
109 1042 163 1090 non
186 1043 295 1108 parum
318 1023 568 1103 illudentium,
591 1023 618 1089 d.
641 1043 742 1090 comes
765 1022 976 1102 Salamancha,
999 1022 1026 1088 d
1043 1018 1276 1088 Ρ6166661166-

45 1138 111 1204 dnba
125 1139 174 1223 qni
189 1158 295 1208 omnes
310 1139 497 1206 deditissimi
512 1141 584 1206 sunt
598 1159 625 1206 v.
642 1159 665 1206 s.
681 1139 842 1223 credatque
857 1138 936 1204 mihi
950 1158 977 1204 v.
989 1157 1012 1204 s.
1028 1136 1108 1204 nihil
1122 1133 1277 1202 amantino

45 1253 163 1340 nihilque
186 1254 353 1322 studiosius
376 1277 403 1322 v.
420 1275 443 1321 6.
466 1256 524 1321 hoc
547 1275 606 1322 uno
629 1255 764 1339 principe
787 1275 861 1322 esse.
900 1253 1051 1320 Dominus
1073 1251 1111 1318 de
1126 1250 1278 1318 Borbonic

45 1371 149 1437 veriti
165 1371 257 1438 huius
273 1391 343 1438 cunr
358 1371 457 1438 tribus
480 1370 635 1438 nobilibus
650 1391 703 1455 por
718 1373 839 1455 postam
862 1370 901 1436 ad
916 1387 972 1435 sua
995 1388 1018 1434 6.
1038 1368 1091 1453 qui
1106 1365 1278 1433 lautissima

45 1488 70 1551 61
88 1486 296 1554 iucundissime
318 1488 458 1570 exceptus
481 1488 530 1552 est
552 1505 642 1553 aser.
667 1506 737 1564 666;
761 1485 896 1554 nondum
918 1485 1002 1551 enim
1025 1485 1105 1550 recte
1121 1483 1205 1567 potui
1226 1482 1277 1547 in-

45 1603 165 1688 lelligere
187 1621 313 1668 causam
336 1603 384 1668 sui
406 1602 569 1678 adventum
592 1622 663 1669 cum
685 1603 820 1687 primum
842 1601 991 1668 rescivere
1016 1599 1195 1685 significabo
1210 1619 1237 1664 v.
1254 1619 1278 1664 s.

44 1718 160 1802 antipae
175 1718 309 1784 deferam
325 1718 353 1784 si
368 1719 505 1785 celeriter
520 1717 636 1784 venerit
657 1719 749 1784 homo
763 1717 818 1783 1116
841 1736 932 1803 quem
952 1735 1007 1782 666
1030 1715 1177 1782 celsitudo
1192 1712 1280 1779 misit

44 1831 264 1919 adnueregem
303 1833 417 1900 Habito
439 1833 542 1918 itaque
565 1852 708 1918 responso
723 1833 788 1900 ains
803 1831 967 1911 discedam,
991 1831 1052 1897 nisi
1074 1830 1158 1895 alind
1173 1848 1278 1896 occur-

44 1949 103 2014 rerit
104 1999 232 2015 .....
257 1949 373 2014 Datum
400 1949 433 2015 in
455 1948 565 2033 oppido
588 1949 773 2033 Inmpmgg,
796 1947 846 2014 die
867 1947 929 2014 xiii.
954 1945 1070 2013 mensis
1093 1945 1279 2011 Decembris.

43 2065 117 2129 1666
139 2064 264 2132 Domini
287 2065 417 2130 mdrriv.
944 2065 978 2128 P.
1002 2061 1191 2128 Salamanca.

620 2325 693 2390 234.

279 2488 453 2548 Consules
476 2488 748 2562 carpenetorati
771 2487 943 2548 Clementi
966 2487 1039 2547 Vll.

479 2597 565 2682 (1111.
583 2597 676 2680 princ.
693 2597 733 2662 II.
749 2595 838 2682 389).

514 2713 666 2798 (16.1)66.
687 2710 794 2798 1524).

119 2873 220 2940 rillate
243 2872 378 2939 suntad
400 2891 456 2938 nos
478 2872 667 2939 11116666166
689 2871 773 2938 bullo
795 2869 1001 2956 aprobationis
1024 2873 1056 2937 61
1076 2869 1282 2940 innovationis

43 2988 260 3075 privilegiorum
283 2989 394 3073 quibus
417 3008 443 3054 v.
461 3007 484 3054 s.
507 3007 564 3055 nos
586 3007 733 3073 pauperes
757 3007 829 3054 suos
851 2989 882 3053 61
902 2987 1039 3054 11666666
1061 2987 1142 3054 curie
1164 2987 1279 3072 poculi-

42 3121 96 3170 ares
125 3105 263 3171 subditos
292 3102 528 3171 misericorditer
559 3102 748 3183 condonavit,
779 3105 909 3170 etcum
938 3102 984 3168 616
1012 3121 1074 3168 unc
1096 3103 1158 3168 alia
1179 3103 1281 3169 littere

43 3219 246 3287 moderationis
261 3219 283 3285 J
284 3219 389 3286 udaice
408 3219 583 3286 voracitatis
599 3221 630 3285 et
644 3220 734 3286 breve
749 3217 912 3287 moratorie
926 3218 1083 3285 dilationis
1098 3218 1281 3303 pauperibus

42 3333 213 3402 christicolis
243 3332 431 3402 dabitoribus
463 3335 598 3418 ipsorum
621 3333 788 3401 Judoorum
817 3334 984 3401 liberaliter
1014 3329 1161 3400 c'oucesse.
1217 3332 1282 3415 Quo

42 3449 152 3530 quidem
174 3451 207 3516 et
230 3450 258 3516 si
278 3449 456 3516 inefabilem
477 3450 566 3518 nobis
588 3449 731 3516 omnibus
753 3449 966 3516 iubilationem
988 3450 1142 3529 etulerint
1164 3469 1280 3534 puape-

42 3565 115 3632 ribus
135 3567 242 3632 tnmen
256 3563 334 3649 ipsis
357 3583 485 3650 qnomm
501 3565 682 3651 sangninem
704 3584 821 3650 angues
843 3565 891 3631 1111
906 3565 1043 3650 pestifcri
1061 3564 1199 3632 trudibus
1222 3566 1279 3631 ab·

43 3682 194 3748 sorbebant
215 3681 487 3748 exuberancicrem
533 3678 612 3747 Sunt
634 3681 716 3747 enim
739 3683 795 3748 hec
822 3680 971 3747 eiusmodi
993 3700 1051 3765 que
1074 3699 1135 3748 666
1156 3681 1282 3748 obscrue

42 3799 165 3880 argunnt
184 3796 357 3882 ingenitam
380 3796 549 3863 bonitatem
571 3797 815 3880 immensamque
837 3795 1056 3863 liberalitatem
1079 3815 1102 3861 6.
1125 3816 1152 3862 v.
1177 3816 1200 3862 s.
1224 3817 1281 3883 quo

43 3912 287 3992 quemadmodum
310 3910 451 3978 Christus
479 3911 614 3996 optimus
636 3930 721 3977 mera
743 3911 928 3977 liberalitate
951 3911 989 3976 ab
1012 3910 1132 3996 antiqui
1153 3911 1281 3978 humani

43 4029 150 4108 genens
173 4027 273 4094 bostis
303 4028 455 4106 manibus,
484 4027 528 4094 sio
557 4027 642 4093 111166
670 4027 843 4094 imitatione
871 4046 926 4094 666
949 4045 968 4092 6
990 4025 1120 4092 16666116
1149 4029 1281 4110 protervi

43 4145 140 4226 anguis
162 4143 302 4211 faucibus
325 4143 438 4228 eripuit
460 4143 619 4227 salvosque
642 4162 708 4209 6666
731 4143 834 4209 voluit.
872 4139 937 4222 Qua
959 4159 1029 4208 cum
1050 4141 1144 4206 nullis
1167 4142 1281 4210 nostris

44 4275 89 4323 nec
108 4259 252 4326 humanis
268 4258 427 4343 quibusvis
450 4259 520 4324 61116
544 4258 647 4342 equari
662 4258 782 4342 possint
804 4257 982 4336 actionibus,
1005 4276 1060 4323 666
1074 4257 1178 4322 tamen
1200 4259 1280 4342 qnod

43 4371 130 4440 eidem
145 4375 279 4442 solemus
299 4373 439 4457 piissimo
461 4373 645 4457 redemptori
660 4372 872 4438 devotissimas
895 4372 1074 4455 easdemque
1089 4371 1280 4440 humillimas
