3192 4930
770 277 992 345 *60-

258 724 379 770 mouere
401 704 518 768 hortari
540 703 695 770 consulere
724 703 833 770 dilecto
856 705 920 769 tilio
943 703 1039 770 nobili
1062 704 1127 768 viro
1143 701 1274 786 viceregi
1296 703 1332 766 ut
1355 716 1491 765 summam
1579 713 1587 735 r

257 839 358 886 rernm
381 820 481 903 potius
498 839 552 885 sue
575 818 734 902 prudentia
749 838 841 902 quam
864 839 959 903 pauca
974 820 1046 884 istic
1061 819 1178 902 oppida,
1195 817 1328 901 quadam
1350 817 1386 880 ut
1400 811 1492 878 multis
1579 860 1584 873 .

256 935 375 1000 ridetur
389 935 563 1018 pertinacia,
586 953 761 1000 conservare
784 936 883 1013 vellet,
907 954 1003 1019 neque
1026 954 1080 1000 uos
1103 936 1135 1000 et
1157 933 1260 998 omnia
1282 933 1316 998 in
1338 929 1492 1015 pariendum

257 1049 424 1116 adduceret.
470 1048 529 1115 Sed
552 1069 621 1115 cum
644 1069 752 1132 parum
775 1049 902 1115 consilia
925 1052 956 1116 et
972 1050 1088 1116 monita
1103 1051 1207 1115 nostra
1229 1047 1413 1131 profuissent
1427 1040 1493 1128 quod

257 1165 469 1250 postulabatur
492 1183 509 1229 a
532 1164 619 1230 uobis
648 1183 733 1230 erma
757 1168 791 1229 ut
820 1184 1003 1248 caperemus,
1027 1185 1045 1230 a
1067 1165 1178 1249 quibus
1208 1163 1332 1228 omnino
1355 1160 1493 1226 abstinero

256 473 428 542 terebamus
451 493 505 540 nos
527 473 611 556 ipsos
633 473 666 539 in
689 491 837 557 magnum
851 493 953 540 renum
975 474 1149 539 nostrarum
1171 471 1203 536 et
1223 469 1316 535 huius
1332 468 1402 535 Stet
1418 465 1491 532 Sedis
1586 525 1587 568 Ξ

258 589 424 674 periculum
440 589 613 655 universam
633 588 757 654 Italiam
772 588 805 654 in
828 609 920 673 grave
935 588 1099 654 discrimen
1117 586 1232 652 vocari:
1254 605 1311 652 uec
1333 583 1492 650 destitimus
1577 625 1587 684 ,ἶ

1580 905 1585 1033 Ι

1586 957 1587 1032 l

1580 1036 1585 1117 ¹

1582 1154 1584 1211 l

259 1281 290 1348 ct
314 1280 452 1346 volumus
475 1281 507 1346 et
536 1279 689 1364 cogimur,
720 1299 770 1345 ren
793 1281 874 1345 idem
898 1283 1081 1346 Francorum
1112 1281 1238 1362 repetito
1260 1279 1359 1362 priore
1382 1273 1493 1342 consilio
1586 1355 1587 1362 ἵ

257 1397 376 1478 partem
400 1395 553 1478 copiarum
575 1395 609 1460 in
631 1415 759 1478 regnum
783 1396 929 1474 dimittat,
953 1416 1013 1480 qua
1034 1397 1123 1462 nobis
1141 1395 1308 1462 inermibus
1333 1413 1385 1478 per
1408 1391 1493 1455 status

256 1513 375 1576 nostros
399 1513 577 1594 nostraeque
600 1509 670 1576 iidci
693 1511 925 1576 commissorum
951 1513 1007 1577 iter
1031 1512 1168 1590 faciente,
1192 1511 1251 1576 linit
1274 1511 1362 1576 nohis
1385 1525 1493 1574 necesse
1586 1567 1587 1596 ,

256 1625 359 1709 ahrpua
379 1624 438 1691 fide
462 1625 649 1710 obstringere
672 1645 775 1708 regem
797 1626 877 1693 nihil
899 1647 968 1692 oum
991 1627 1104 1692 nostris
1127 1627 1217 1692 rebus
1241 1645 1307 1692 osse
1324 1626 1493 1690 nociturum.

255 1740 290 1805 in
312 1759 369 1824 quo
393 1740 452 1806 fuit
474 1759 595 1806 necesse
612 1740 748 1806 vicissim
771 1740 818 1806 illi
841 1761 895 1807 nos
918 1742 1095 1824 promittere
1117 1742 1196 1808 nihil
1211 1745 1317 1807 contra
1332 1759 1401 1805 eum
1416 1738 1492 1802 actu·
1584 1801 1585 1808 ,

254 1873 319 1931 ros;
349 1857 438 1940 etque
461 1855 500 1920 ad
522 1855 600 1920 hauc
622 1856 793 1939 pactionem
816 1857 872 1922 hoc
902 1857 1045 1924 fidentius
1075 1857 1259 1923 accessimus
1289 1854 1370 1939 quod
1390 1852 1493 1920 litteris

256 1975 343 2037 ven.is
375 1970 479 2035 fratris
503 1969 624 2036 Nicolai
653 1971 870 2056 archiepiscopi
899 1971 1036 2054 Capuani
1057 1973 1161 2037 nuncii
1189 1972 1287 2037 nostri
1309 1971 1494 2055 cognorimus

257 2085 484 2152 serenissimum
512 2085 638 2152 fratrem
668 2088 755 2151 tuum
779 2085 919 2153 Cesarem
942 2106 960 2151 a
982 2087 1066 2170 pacis
1090 2090 1121 2152 et
1143 2087 1318 2153 concordiae
1347 2085 1493 2167 cumipse

254 2220 324 2285 rege
340 2201 476 2267 consiliis
492 2220 552 2266 uon
567 2202 726 2267 abhorrere
742 2201 778 2267 de
794 2221 852 2286 quo
868 2203 961 2269 otiam
978 2205 1117 2285 optatum
1132 2203 1278 2269 nuncium
1293 2202 1380 2267 nobis
1398 2198 1493 2265 attulit

255 2316 354 2382 valere
377 2335 446 2382 eum
462 2316 620 2401 rectius31)
646 2317 875 2383 serenissimum
891 2321 994 2384 autem
1009 2318 1085 2384 item
1099 2319 1230 2402 Angliae
1247 2337 1351 2402 regem
1366 2318 1404 2382 ab
1419 2311 1493 2380 omni

255 2450 326 2499 oure
348 2431 421 2496 belli
443 2430 567 2515 gerendi
590 2434 643 2496 aut
665 2433 731 2515 opis
754 2433 893 2500 terendae
916 2434 1091 2500 dissuasum
1114 2454 1180 2501 esse
1204 2435 1265 2498 alia
1287 2453 1322 2499 er
1345 2435 1428 2516 parte
1447 2429 1491 2493 iu-

254 2547 434 2612 tellorimus.
459 2547 524 2612 Hac
539 2547 772 2614 conventionum
787 2547 918 2614 formula
935 2549 1067 2632 simplici
1090 2552 1122 2615 et
1143 2554 1226 2616 recta
1243 2567 1367 2634 presens
1382 2545 1493 2632 quidem

255 2661 422 2746 periculum
445 2661 663 2738 devitavimus;
695 2664 748 2729 sed
770 2666 874 2730 tamen
896 2665 952 2730 hec
974 2664 1007 2729 in
1034 2665 1129 2732 armis
1151 2665 1354 2749 perseveratio
1376 2679 1495 2746 magnae

255 2777 343 2844 nobis
365 2780 396 2843 et
419 2775 577 2844 molestiae
600 2780 648 2844 est
670 2779 701 2844 et
723 2779 833 2856 dolori3
857 2780 1008 2846 cernimus
1031 2781 1192 2846 animnos
1215 2782 1332 2846 mutuis
1363 2777 1494 2845 caedibus

254 2893 433 2977 damnisque
455 2893 590 2958 intentos
605 2893 772 2960 Turcarum
795 2897 920 2960 conatus
943 2894 1066 2962 reddere
1084 2896 1256 2975 facillimos,
1280 2915 1364 2980 quos,
1385 2893 1495 2959 utinam

255 3008 334 3074 nihil
349 3007 411 3073 veri
435 3007 611 3086 sentiamus,
634 3009 771 3092 proxima
793 3012 910 3076 aestate
931 3011 964 3075 in
979 3012 1153 3094 generalem
1175 3010 1411 3077 christianitatis
1432 3025 1494 3090 per·

256 3123 367 3190 niciam
389 3124 534 3190 timemus
557 3125 723 3206 erupturos.
769 3126 870 3208 Atque
892 3126 948 3190 hec
970 3145 1048 3191 nova
1070 3145 1140 3192 cum
1156 3125 1316 3191 Gallorum
1340 3145 1410 3209 rego
1430 3141 1495 3187 con·

257 3239 357 3306 ventio
373 3239 416 3304 ita
431 3260 450 3305 a
464 3239 553 3305 nobis
575 3240 655 3305 facta
671 3241 718 3305 est
734 3242 768 3304 ut
783 3259 843 3305 uon
858 3241 1069 3326 intelligamus
1084 3242 1147 3307 ullo
1164 3241 1252 3307 modo
1268 3261 1286 3306 e
1302 3237 1496 3324 superioribus

256 3355 369 3420 nostris
391 3355 536 3420 amicitiis
559 3356 590 3420 ot
612 3355 802 3420 charissimis
824 3355 1086 3423 coniunctionibus
1109 3357 1270 3436 discedere,
1292 3355 1383 3442 idque
1404 3355 1495 3438 ipsum

255 3474 358 3554 aperte
382 3473 528 3536 testemur
551 3473 581 3536 et
605 3471 807 3553 profiteamur,
831 3470 909 3537 sicut
931 3473 1026 3538 etiam
1048 3492 1082 3538 ex
1106 3491 1228 3538 summa
1250 3473 1449 3556 capitulorum
1468 3467 1496 3530 in

255 3589 377 3653 brevem
401 3586 584 3652 sententiam
599 3588 752 3652 contracta
775 3587 920 3653 nobilitas
935 3589 989 3653 tuo
1011 3588 1126 3672 optima
1148 3588 1309 3672 intelliget.
1344 3587 1410 3664 Sed,
1425 3579 1496 3669 quod

256 3701 387 3767 maxime
410 3702 448 3766 ad
471 3719 538 3767 earn
562 3701 654 3766 fidem
671 3721 814 3786 spemque
837 3703 976 3786 pertinet,
1000 3722 1092 3786 quam
1115 3703 1323 3769 immobilitate
1345 3705 1398 3768 tua
1420 3698 1495 3784 posi·

256 3821 320 3883 tam
337 3819 494 3896 hahemus,
517 3819 548 3884 et
571 3817 610 3883 ad
632 3837 702 3882 eum
726 3818 912 3902 singularem
936 3817 1139 3903 eximiumque
1163 3839 1297 3884 amorem
1321 3837 1411 3902 quem
1433 3831 1497 3896 erga

256 3935 287 4000 te
309 3933 480 4001 incredibili
503 3933 592 3999 modo
623 3933 819 4016 suscepimus,
849 3953 1026 4017 cuperemus
1056 3935 1225 4000 marimum
1247 3935 1280 3999 in
1302 3933 1427 3998 modum
1448 3947 1498 3994 uo·

256 4049 409 4115 hilitatem
431 4051 518 4114 tuam
541 4069 573 4114 se
596 4051 626 4113 ot
649 4067 737 4114 suam
759 4048 971 4114 auctoritatem
994 4049 1182 4132 interponere
1205 4051 1241 4114 ut
1263 4049 1347 4132 pacis
1370 4047 1454 4112 fedus
1472 4047 1498 4107 et

256 4165 332 4232 ratio
348 4165 483 4244 iniretur,
507 4164 621 4231 relictis
644 4165 693 4230 his
709 4165 799 4230 rebus
823 4184 899 4248 quas
922 4165 1080 4231 defendere
1097 4167 1240 4249 perpetuo
1264 4163 1343 4229 hello
1366 4161 1499 4228 omnihus

352 4415 369 4476 ¹)
387 4417 431 4470 Hic
449 4415 590 4468 difficillima
607 4419 645 4468 eat
662 4419 816 4480 mwuwripti
833 4417 911 4468 lectio.
