3152 4902
794 348 1017 418 ..gg-

280 546 415 615 cordiam
445 546 526 614 inter
554 565 608 614 vos
638 544 861 613 conciliandam
890 543 1076 631 pertinentia
1106 545 1300 612 commodum
1333 547 1462 612 restrum
1487 547 1511 610 ct

280 665 427 732 bonorem
448 682 519 730 cum
540 662 632 729 buius
648 659 778 748 Sanctae
793 658 881 727 Sedis
903 659 1016 728 bonore
1038 662 1070 727 et
1092 660 1250 729 commodo
1265 659 1511 746 comprobendmt

280 779 430 866 elegimus
452 798 488 846 er
509 777 619 845 multis
641 797 731 863 quem
753 776 794 844 ad
815 795 869 844 uos
891 777 1084 844 mitteremus
1106 795 1172 843 ven
1188 776 1324 843 buttem
1361 777 1395 844 n
1412 775 1512 861 episco-

281 915 355 982 pum
370 895 559 962 Verulanum
580 893 738 960 bominem
760 911 822 960 non
844 893 944 959 solum
958 891 1056 958 fidum
1077 893 1169 977 atque
1182 891 1363 978 prudentem
1384 893 1416 959 at
1429 909 1513 958 mum

280 1011 452 1078 uestrarum
474 1029 532 1077 usu
560 1007 835 1092 consuetudineque
862 1008 1010 1096 peritum,
1041 1006 1093 1074 sed
1121 1007 1174 1093 qui
1202 1009 1289 1074 tanto
1318 1007 1404 1074 vobis
1431 1005 1513 1073 studio

281 1127 368 1194 tanto
397 1143 500 1192 amore
528 1123 649 1192 deditus
672 1124 720 1190 est
748 1124 784 1189 ut
805 1123 886 1189 nihil
915 1123 958 1190 sit
986 1123 1115 1190 eximiae
1137 1125 1169 1188 et
1196 1123 1350 1190 maximae
1378 1122 1514 1190 laudisot

281 1240 554 1309 commendationis
577 1239 657 1325 quod
678 1258 740 1307 non
754 1238 876 1306 assidue
898 1258 934 1306 ex
956 1257 1007 1306 ore
1021 1239 1106 1306 illius
1129 1237 1162 1304 in
1184 1239 1394 1306 celebritatem
1415 1241 1446 1306 et
1458 1238 1514 1324 glo·

280 1356 361 1425 riam
375 1357 471 1424 vestri
492 1355 613 1442 generis
628 1353 820 1440 nominisque
835 1354 992 1440 procedam
1014 1354 1068 1439 qui
1082 1353 1222 1439 quamvis
1237 1354 1300 1421 iam
1315 1357 1414 1422 astato
1430 1353 1515 1441 gravis

281 1473 313 1540 et
333 1472 499 1552 laboribus,
521 1471 697 1556 perfrmctus
720 1469 771 1551 sit,
793 1488 916 1537 omnem
930 1471 1035 1536 tamen
1057 1470 1298 1554 negociationem
1321 1489 1412 1555 quam
1429 1469 1515 1536 robis·

281 1607 352 1658 cum
375 1587 418 1655 eit
439 1589 561 1656 acturus
585 1585 645 1653 sibi
673 1604 728 1670 pro
751 1585 860 1653 solatio
882 1586 915 1652 et
936 1605 990 1670 pro
1013 1586 1146 1671 requiete
1168 1585 1341 1666 erisbmnt3
1370 1586 1454 1654 ouius
1473 1603 1516 1650 nos

281 1702 476 1790 prudentiam
503 1703 536 1771 et
557 1700 742 1768 industriam
771 1700 900 1768 maximi
928 1701 1075 1779 facimus;
1104 1702 1135 1768 et
1157 1701 1237 1786 quod
1259 1703 1347 1770 robis
1369 1702 1397 1768 is
1418 1703 1517 1787 optino

281 1820 372 1888 notus
395 1819 451 1900 est,
473 1817 638 1885 adventum
654 1834 771 1902 quoque
792 1815 879 1883 illius
894 1817 1046 1901 voluptati
1068 1816 1156 1884 vobis
1171 1817 1234 1884 fore
1256 1836 1318 1885 non
1340 1817 1518 1888 dubitamus

281 1934 311 2002 ei
332 1933 428 2021 igItur
457 1931 669 2000 commisimus
701 1951 812 1999 arcana
834 1932 938 1999 omnia
960 1932 1088 1998 consilia
1116 1935 1222 1999 nostra
1244 1934 1402 2001 uobiscum
1430 1932 1517 2000 conle-

280 2048 376 2118 randa
404 2050 436 2116 et
465 2048 539 2135 quid
570 2047 668 2115 animi
694 2047 863 2115 babeamus
891 2047 925 2114 in
953 2048 1086 2114 salutem
1114 2067 1150 2114 ac
1176 2048 1361 2134 dignitatem
1391 2050 1519 2122 restrum

281 2165 429 2252 quantam
451 2183 553 2231 renum
575 2164 748 2230 vestrarum
769 2181 882 2244 curem
905 2181 1001 2248 quove
1023 2181 1126 2230 amore
1154 2164 1311 2248 capiamur
1340 2165 1376 2231 ut
1396 2163 1425 2230 ie
1447 2161 1520 2229 robis

281 2279 425 2365 exponat;
449 2298 540 2364 quem
560 2279 598 2345 ut
618 2277 751 2363 benigne
772 2279 804 2345 et
825 2279 913 2362 grate
928 2277 1102 2345 admittatis
1125 2297 1160 2345 ac
1181 2278 1267 2346 illius
1289 2279 1391 2346 uerbis
1408 2297 1519 2346 noeme-

281 2393 380 2480 tipsos
402 2392 499 2461 veluti
524 2393 681 2480 loquentes
703 2393 871 2461 attendatis
900 2393 1092 2479 audiatisque
1121 2393 1295 2462 devotiones
1324 2395 1443 2463 vestrm
1463 2411 1521 2459 rna-

282 2527 414 2596 gnopere
443 2509 476 2576 in
499 2508 631 2576 Domino
659 2508 835 2586 bortamur;
862 2509 950 2576 vobis
977 2509 1192 2594 promittentes
1221 2510 1249 2577 si
1278 2512 1383 2578 nostra
1410 2511 1523 2596 paterna

282 2624 401 2694 monita
422 2626 454 2692 et
482 2623 610 2692 consilia
638 2625 740 2692 vestra
768 2625 930 2710 prudentia
952 2626 983 2692 et
1011 2624 1149 2693 bonitate
1176 2627 1300 2712 excepte
1329 2628 1365 2694 ut
1393 2627 1523 2712 optamus

282 2739 405 2823 fuerint
427 2759 481 2808 sos
504 2741 622 2808 restrae
644 2739 773 2807 eximiae
802 2740 926 2808 virtutis
955 2741 1108 2808 uberiores
1132 2742 1249 2808 boatus
1278 2761 1371 2827 quarn
1401 2758 1523 2827 unquam

283 2857 375 2924 suma
394 2855 521 2936 laturos,
550 2855 631 2922 sicut
652 2856 684 2922 et
712 2856 892 2923 confidimus
915 2857 986 2936 fore,
1015 2858 1048 2923 et
1069 2874 1159 2924 omne
1188 2857 1267 2942 quod
1296 2857 1385 2924 robis
1407 2854 1525 2924 oblitae

284 2971 443 3039 commodo
464 2972 701 3056 ornamentoque
721 2989 789 3038 esso
810 2970 909 3056 possit
930 2970 1073 3038 omnibus
1096 2971 1174 3038 rotis
1197 2991 1216 3038 a
1238 2973 1303 3039 Deo
1326 2971 1525 3058 omnipotente

283 3085 418 3173 potimus
439 3087 471 3154 et
492 3086 693 3154 obsocramus.
740 3083 799 3153 Sed
829 3085 903 3153 baec
932 3087 1041 3154 cuncta
1069 3086 1151 3154 idem
1174 3086 1333 3173 episcopus
1362 3088 1526 3156 Vennlanus

283 3201 413 3272 nuncius
441 3203 546 3270 noster
567 3203 639 3288 aget
666 3202 770 3269 nostro
792 3201 915 3270 nomine
944 3201 1094 3288 copiosius
1116 3203 1283 3284 uobiscum,
1306 3203 1356 3269 cni
1379 3221 1525 3270 summam

283 3316 377 3386 tidem
405 3316 569 3386 babebitis.
614 3318 731 3384 Datum
759 3319 876 3386 Romae
904 3320 960 3387 stc.
1005 3318 1080 3386 xiiii.
1102 3318 1261 3387 Februarii
1281 3317 1402 3386 mdxxr.
1446 3317 1528 3385 nnnc

284 3432 423 3504 amando.

887 3605 940 3672 62.

375 3733 675 3823 Saitensibus.¹)
703 3737 741 3804 ln
755 3755 815 3823 qna
833 3736 922 3805 laude
936 3737 1096 3823 praecipue
1109 3736 1195 3805 vobis
1210 3737 1315 3805 dilecti
1329 3738 1387 3806 tilii
1401 3739 1531 3806 multmn

283 3850 458 3931 tribuimus,
480 3850 534 3938 qui
547 3850 634 3919 illius
648 3871 779 3939 magnae
793 3852 875 3938 ligae
897 3855 989 3938 caput
1003 3855 1034 3921 et
1056 3853 1141 3940 origo
1160 3855 1226 3920 tam
1240 3854 1393 3921 vetrretate
1407 3853 1531 3921 metaris

283 3967 464 4054 praecellere
492 3985 585 4054 quam
606 3967 746 4034 inomni
774 3967 887 4035 virtute
909 3970 941 4036 et
962 3968 995 4035 in
1017 3969 1096 4036 hanc
1126 3967 1270 4036 Sanctam
1294 3967 1404 4038 Sedem
1425 3971 1528 4036 obser·

283 4081 390 4150 mode
411 4080 444 4149 in
466 4100 659 4151 communem
688 4083 924 4151 christianorum
945 4103 1052 4170 pacem
1081 4083 1198 4165 studio,
1227 4085 1375 4170 peculiari
1402 4085 1532 4172 quadam

283 4215 358 4285 erga
378 4216 540 4284 personam
562 4199 700 4267 nostram
722 4200 879 4267 voluntate
901 4219 920 4267 a
941 4199 1064 4269 nemine
1091 4199 1174 4268 vinci
1195 4201 1227 4268 at
1249 4202 1387 4287 superari
1407 4203 1531 4272 enun-

284 4311 376 4390 ditia
397 4313 452 4399 qui
473 4333 593 4398 semper
613 4315 760 4382 bonorem
781 4316 837 4383 etc

379 4491 396 4553 'J
413 4493 477 4544 sm
493 4495 576 4545 addita
593 4497 650 4544 sant
667 4495 693 4546 la
709 4496 797 4546 litteris
814 4495 914 4556 alntulla
930 4497 997 4559 pasis
1014 4495 1142 4560 inscriptis.
