3152 4902
776 281 1021 348 ..150-

268 472 329 540 fide
359 473 463 540 nostra
492 475 661 541 libentibus
692 475 804 542 animis
834 475 1023 543 contribuere
1053 477 1183 563 polliciti
1206 479 1286 558 sunt
1315 478 1503 564 nequeenim

269 591 359 656 aliter
382 609 475 675 quern
497 611 532 657 ex
561 592 677 657 tributo
698 593 730 658 01
752 594 859 658 mutuo
887 593 995 660 confici
1017 613 1066 660 res
1088 594 1204 678 potnit;
1233 613 1267 660 ec
1290 594 1447 660 deventum
1465 595 1503 658 est

268 709 391 791 propter
419 707 612 773 calamitates
642 708 831 792 superiorum
860 711 1040 793 temporum,
1069 711 1105 776 01
1128 707 1220 776 Sedes
1244 711 1415 794 apostolica,
1441 729 1503 793 0000

269 825 340 889 0010
363 823 516 907 oppressis
532 823 648 888 iniuste
663 823 852 908 principibus
874 825 1043 890 liberaliter
1059 825 1265 904 subveniebat
1288 825 1418 891 alienam
1438 843 1503 890 0000

268 939 335 1022 1000
358 958 447 1022 opem
469 940 500 1004 et
522 938 739 1004 liberalitatem
769 942 924 1022 expectere
953 943 1087 1024 cogatur.
1132 941 1239 1025 ltaque
1268 940 1418 1023 descripta
1445 941 1503 1004 sunt

268 1055 411 1122 continuo
434 1075 478 1120 xx.
503 1055 590 1120 milia
613 1073 772 1120 aureorum
795 1073 871 1139 quae
893 1055 952 1121 tibi
974 1056 1045 1122 istic
1068 1055 1212 1123 solvende
1234 1056 1444 1122 mandavimus
1463 1054 1503 1119 bic

268 1174 374 1256 postea
397 1174 513 1238 Romus
535 1191 589 1255 per
611 1189 666 1235 000
690 1170 849 1250 reddenda
873 1173 1108 1256 conabimurque
1131 1172 1248 1256 aliquid
1271 1172 1403 1257 amplius
1424 1171 1503 1237 etiem

268 1287 376 1354 deinde
391 1305 506 1372 parare,
531 1287 558 1352 si
580 1289 684 1352 101000
706 1288 833 1369 probare
854 1289 887 1354 01
908 1287 1066 1370 ostendere
1088 1288 1277 1372 potuerimus
1299 1288 1350 1354 his
1372 1287 1503 1373 001000-

267 1404 416 1482 tribuunt
439 1421 500 1468 000
522 1403 555 1467 in
578 1421 634 1467 000
658 1403 738 1468 00100
761 1403 861 1469 totum
883 1422 960 1468 0000
980 1403 1125 1470 reiectum
1148 1423 1223 1469 esse.
1270 1401 1329 1469 Sed
1351 1405 1383 1469 et
1404 1403 1504 1470 nobem

267 1522 355 1586 tuam
377 1522 409 1586 01
431 1520 563 1586 coeteros
588 1517 770 1584 Gemmaniee
791 1517 944 1602 principes
968 1539 1022 1602 pro
1045 1536 1101 1586 sua
1123 1519 1222 1585 salute
1245 1521 1276 1585 et
1298 1517 1446 1604 0110011010
1464 1537 1504 1582 re·

268 1635 393 1703 1100οᾱ0
416 1655 509 1720 aeque
525 1654 559 1700 ae
575 1653 630 1700 000
653 1636 685 1700 01
699 1635 838 1700 laborare
859 1637 892 1700 et
914 1636 1056 1701 conferre.
1101 1633 1185 1700 Nam
1208 1634 1288 1720 quod
1303 1635 1403 1702 ordini
1424 1634 1504 1700 eccle·

269 1753 393 1820 siastico
415 1752 541 1818 inistis
564 1751 740 1835 regionibus
762 1751 951 1834 periclitanti
967 1751 1191 1831 subveniamus,
1214 1751 1371 1818 videamur
1394 1750 1505 1816 forsitan

269 1889 333 1934 rem
348 1869 543 1952 profligatam
559 1866 702 1946 curaturi,
725 1867 869 1933 andimus
892 1867 975 1932 enim
990 1867 1107 1950 passim
1123 1867 1226 1933 omnia
1241 1845 1506 1935 00000ᾱο1001οη

268 1984 436 2064 commode,
452 1985 639 2062 ornamenta,
662 1981 826 2066 impiorum
843 1983 944 2066 potius
963 1983 1092 2048 avaritie
1107 2002 1200 2068 quam
1215 1983 1296 2049 insto
1311 1983 1379 2048 odio
1394 1981 1507 2068 praedae

269 2103 300 2166 01
322 2099 486 2184 direptioni
508 2100 644 2183 exposita
667 2098 778 2174 fnisse;
801 2099 834 2164 in
857 2119 915 2182 000
938 2099 1093 2165 mittimus
1115 2098 1261 2165 iniuriam
1283 2099 1397 2165 luctam
1419 2097 1506 2165 omni·

269 2215 386 2299 potenti
408 2216 481 2294 Deo,
505 2215 554 2280 eui
576 2234 646 2279 cum
669 2215 708 2280 ab
730 2214 848 2298 ignaris
863 2214 1033 2280 etiamdum
1056 2232 1143 2279 verae
1166 2212 1237 2280 fidei
1259 2215 1403 2299 gentibue
1423 2215 1450 2282 is
1463 2233 1507 2280 co-

269 2332 390 2410 leretur,
413 2331 478 2396 erat
500 2331 604 2395 tamen
626 2331 717 2396 tertia
735 2330 797 2395 lere
819 2349 890 2413 pers
914 2330 1104 2396 terrestrium
1120 2349 1212 2413 opum
1233 2330 1267 2396 in
1289 2331 1373 2416 agris
1396 2335 1426 2397 et
1445 2349 1506 2414 pos-

271 2447 457 2512 sessionibus
467 2449 649 2526 consecrata,
666 2465 725 2530 000
734 2446 904 2512 sacerdotes
919 2445 1003 2512 omni
1017 2445 1170 2511 immunes
1185 2446 1224 2511 sb
1239 2465 1329 2512 onere
1343 2447 1507 2518 moerente,

271 2562 349 2628 sicut
372 2565 458 2628 vetus
489 2581 574 2627 sacre
606 2563 756 2645 scriptura
786 2561 823 2627 de
846 2561 1004 2626 Pharaone
1026 2560 1224 2646 Aegyptoque
1253 2562 1400 2639 deelarat;
1429 2565 1508 2646 01000

269 2678 317 2744 1111
339 2678 430 2744 idolis
445 2677 581 2744 felsisin
605 2678 669 2742 suis
686 2677 892 2743 sacerdotibus
915 2678 1037 2743 tantum
1052 2677 1196 2743 bonorem
1216 2677 1384 2754 habebunt
1407 2676 1508 2744 Christi

270 2812 338 2859 vero
361 2793 491 2859 cultores
507 2793 645 2858 coelestis
669 2792 740 2858 lidei
763 2793 961 2859 sacrementis
983 2793 1104 2872 imbuti,
1126 2794 1162 2858 01
1183 2792 1264 2858 hune
1278 2793 1343 2859 Deo
1367 2813 1434 2860 vero
1454 2793 1507 2858 eri·

268 2907 389 2992 puerint
411 2909 564 2987 honorem,
586 2909 666 2974 hanc
680 2908 729 2974 illi
750 2907 993 2994 praerogativam
1008 2907 1141 2974 dederint
1162 2911 1194 2974 et
1208 2909 1419 2992 procidoarint,
1441 2927 1506 2992 000-

269 3044 341 3090 nam
357 3025 437 3090 malo
453 3023 579 3090 demone
595 3023 699 3089 miseri
713 3026 877 3107 potuerunt
891 3023 1022 3089 adduci?
1046 3022 1104 3090 Sed
1121 3023 1275 3090 mittimus
1290 3025 1348 3090 Dei
1366 3024 1507 3098 iniurium

268 3159 344 3224 quae
366 3159 538 3224 quanquam
555 3140 705 3206 melorum
728 3139 866 3205 omnium
889 3140 1031 3219 maxima,
1053 3141 1157 3205 tamen
1179 3140 1259 3225 apud
1274 3143 1426 3207 occecatos
1447 3137 1506 3205 uni·

268 3275 335 3321 mos
364 3257 464 3321 locum
494 3275 574 3322 0000
602 3274 663 3321 000
692 3256 793 3321 habet
839 3257 885 3321 De
906 3256 1095 3339 principibus
1123 3256 1201 3340 ipsis
1233 3259 1264 3322 et
1293 3257 1330 3322 de
1359 3257 1506 3324 nobilitate

270 3369 452 3436 Germaniae
481 3370 589 3436 erbis
619 3372 813 3436 ecelesiarum
836 3371 933 3437 ruinis
963 3373 1113 3455 quantum
1135 3373 1182 3437 est
1211 3372 1399 3438 (1010001001
1442 3371 1506 3436 11100

268 3487 350 3552 enim
365 3489 516 3572 pascebat,
539 3487 610 3553 illos
625 3487 808 3553 honestabat
829 3487 964 3565 ecclesie,
987 3486 1146 3552 illuderet
1161 3491 1335 3570 promptum
1352 3487 1507 3554 demeum

268 3601 450 3668 difficultate
479 3601 689 3668 laborantibus
713 3602 894 3687 perdrgium,
925 3621 983 3686 000
1008 3603 1128 3667 0011010
1150 3603 1241 3686 01000
1264 3605 1376 3687 erepto,
1405 3603 1507 3668 frustra

266 3718 299 3784 in
322 3718 463 3786 omnibus
487 3738 563 3802 0000
586 3718 724 3784 evenient
752 3719 880 3802 posthac
902 3717 1137 3801 tempestatibus
1165 3719 1288 3802 portum
1312 3739 1384 3785 0000
1406 3715 1507 3803 quietis

266 3835 297 3900 et
312 3834 547 3918 tranquillitatis
564 3835 636 3899 sunt
650 3833 862 3912 desidereturi;
877 3834 949 3918 quid
965 3833 1044 3918 quod
1060 3835 1182 3899 sublata
1198 3834 1378 3900 auctoritate
1393 3833 1506 3901 ecclesio

266 3950 385 4015 nullum
402 3953 450 4016 est
471 3950 552 4015 inter
566 3950 717 4034 principes
732 3949 917 4034 0000100000
932 3950 1016 4034 pacis
1039 3950 1070 4014 et
1089 3948 1263 4014 concordiae
1278 3949 1505 4016 firmamentum.

265 4085 335 4131 cum
364 4067 512 4150 tanquam
541 4065 671 4130 anchora
703 4065 861 4131 tutissima
890 4064 1079 4149 principibus
1109 4085 1228 4149 semper
1257 4065 1350 4131 fuerit
1380 4063 1505 4150 dignitas

263 4180 483 4260 ecclesiastica,
519 4199 595 4266 queo
624 4179 815 4246 dominatum
846 4179 999 4246 stabiliret
1027 4179 1166 4260 illorum,
1196 4181 1228 4246 et
1254 4180 1287 4246 in
1316 4180 1504 4266 popularibus

265 4295 408 4362 ductibus
423 4315 494 4362 enm
510 4297 630 4362 salvum
646 4296 776 4375 sisteret
800 4315 857 4380 000
873 4298 1064 4363 armamento
1079 4295 1209 4380 dirupto,
1231 4295 1295 4361 iam
1309 4293 1505 4379 experimento

264 4413 393 4494 0000001
415 4410 538 4490 discere,
562 4429 594 4476 se
616 4411 655 4476 ad
678 4430 783 4476 omnes
805 4411 939 4496 impetus
962 4411 1128 4478 furentium
1143 4411 1323 4496 populorum
1348 4412 1427 4479 solos
1448 4409 1503 4476 fore
