3152 4902
577 295 820 362 -121-

89 491 285 556 teoumtanto
314 489 426 574 gaudio
448 491 480 555 et
510 489 654 556 feliriteta
682 489 781 568 liceat,
811 488 939 556 eundem
962 488 1063 554 Deum
1092 490 1123 555 et
1152 487 1319 554 Dominum

88 609 209 670 nostrum
222 605 243 672 J
245 625 331 671 esum
348 604 504 670 Christum
520 605 671 690 suppliees
694 605 897 689 deprecamur.
944 603 1003 670 Sed
1025 605 1099 670 baeu
1114 604 1219 670 eadem
1243 605 1320 670 alias

88 721 155 786 inter
175 741 236 800 noa,
259 741 294 786 ae
317 724 352 786 ut
375 740 532 806 speramus
561 739 663 786 eoram
685 721 719 786 in
740 721 818 805 ipsis
841 719 955 804 optetis
978 721 1167 804 amplexibus
1198 721 1319 801 nostris,

88 837 382 904 eommunioabuntur
434 837 524 904 Nune
546 857 616 902 cum
638 838 670 902 et
691 836 738 902 tui
767 834 893 902 docendi
915 835 952 900 de
974 837 1116 902 omnibus
1144 856 1220 922 quae
1253 839 1321 902 aete

87 953 146 1016 sunt
167 973 264 1032 eausa,
287 955 319 1020 et
333 957 437 1020 nostro
460 953 555 1018 etiam
569 953 692 1018 hortatu
715 971 749 1018 ee
766 971 858 1016 suasu
881 952 1072 1036 supradictus
1087 953 1221 1018 loannes
1240 953 1319 1018 Bar-

86 1069 240 1134 tholomeua
270 1071 342 1136 tuus
364 1071 465 1136 orator
487 1069 526 1134 ad
556 1073 659 1134 ser.iem
684 1071 769 1134 tuam
792 1066 979 1152 proleolums
1002 1069 1091 1148 esset
1121 1088 1176 1134 nos
1206 1087 1318 1154 eogno-

86 1187 189 1250 soeutes
211 1185 243 1250 in
267 1186 323 1250 hoo
347 1186 409 1250 viro
434 1187 527 1251 talem
550 1203 617 1250 esse
639 1183 833 1268 prudentiam
864 1183 1042 1268 unumque
1072 1184 1163 1250 fidem
1192 1187 1223 1251 et
1246 1185 1319 1251 dex·

85 1301 238 1380 moialem,
269 1303 415 1385 quantam
444 1299 694 1386 inpensissimis
724 1320 830 1366 sumus
860 1299 990 1384 experti,
1020 1319 1095 1383 quae
1118 1300 1183 1366 eius
1214 1301 1320 1380 virius,

84 1415 238 1501 diligentia,
268 1417 443 1497 assiduitas,
474 1416 609 1483 studium
639 1417 760 1482 nostrae
790 1415 1010 1482 coniunctionis
1039 1417 1242 1500 procurandae
1265 1437 1320 1484 uos

85 1532 216 1598 maiorem
231 1533 264 1598 in
279 1533 404 1600 modum
427 1533 511 1600 illius
528 1533 642 1612 virtuti,
666 1532 896 1618 integritatique
911 1531 1055 1611 devinxit
1077 1552 1132 1600 neo
1147 1533 1320 1598 curavimus

84 1647 167 1714 aliurn
188 1649 224 1716 de
247 1650 362 1716 nostris
386 1649 515 1730 mittere,
539 1653 570 1715 ot
592 1649 684 1714 buius
708 1647 797 1714 unius
827 1647 898 1712 fidei
922 1667 956 1712 ae
979 1648 1126 1732 probitati
1148 1652 1227 1715 reete
1250 1669 1318 1716 om-

84 1764 125 1828 nia
146 1767 247 1830 nostra
269 1765 398 1832 consilia
420 1765 572 1832 summitti
594 1764 805 1843 iudicavimus,
828 1763 880 1848 qui
902 1783 938 1828 ea
960 1763 998 1830 ad
1022 1765 1052 1830 te
1074 1764 1210 1832 deferret.
1243 1766 1319 1832 tum

84 1879 105 1944 is
125 1881 298 1964 praesertim
322 1881 463 1948 assiduus
487 1881 575 1946 testis
599 1883 630 1946 et
646 1881 796 1964 spectator
819 1879 973 1946 actionum
996 1881 1246 1966 voluntatumque
1262 1902 1317 1948 no·

84 2002 211 2076 stramm,
235 2016 339 2062 uemm
363 1997 402 2062 ad
425 1999 455 2062 te
478 1999 509 2063 et
532 1997 686 2081 integrum
709 1994 922 2061 testimouium
951 1997 1055 2080 posset
1083 1995 1197 2076 afferre,
1226 1998 1321 2064 loeuti

84 2109 166 2194 igitur
187 2131 293 2178 sumus
315 2133 385 2178 oum
408 2132 442 2178 eo
465 2113 576 2192 omnia
600 2131 676 2196 quae
699 2111 894 2195 cupiebamus
918 2129 936 2174 a
959 2113 989 2176 ta
1011 2110 1048 2178 de
1071 2111 1159 2178 nobie
1183 2112 1262 2192 seiri,
1285 2133 1320 2178 ae

84 2223 113 2289 de
133 2225 243 2293 ebdom
266 2227 359 2294 soribi
381 2228 420 2294 ad
451 2227 596 2294 dilectum
620 2227 719 2292 lilium
743 2225 973 2292 Baltbassarem
997 2225 1215 2296 Castiboneum
1238 2249 1319 2296 nuu-

83 2338 152 2406 eium
172 2341 241 2407 istie
264 2345 402 2409 nostrum
425 2343 647 2410 mandavimus.
693 2340 810 2423 Quibus
833 2341 970 2426 utrisque
993 2342 1192 2410 referentibus
1215 2343 1320 2412 tibist

84 2455 321 2538 significantibus,
344 2461 379 2525 ut
402 2465 497 2526 sera·
521 2461 573 2525 tua
587 2457 800 2543 plenissimam
815 2457 907 2524 fidem
923 2477 1024 2524 rerum
1047 2459 1184 2526 omnium
1200 2460 1320 2540 habeat,

83 2567 209 2638 illumin
231 2574 363 2641 Domino
385 2576 578 2642 vehementer
600 2575 806 2640 adhortamur.
851 2573 967 2642 Datum
991 2575 1106 2642 Romae
1127 2576 1183 2644 ete.
1204 2575 1253 2642 die
1276 2576 1319 2644 iii.

84 2684 185 2769 Aprilis
207 2691 324 2759 mdrxr.
369 2692 459 2760 Anno
482 2691 620 2760 seeundo.

245 2939 389 3026 Sequitur
410 2942 592 3011 eredentiale
615 2960 668 3026 pro
691 2942 738 3007 lo.
762 2941 868 3008 Barth.
892 2939 929 3007 de
952 2939 1134 3008 Gallinaria

492 3111 647 3178 cardinali
668 3109 847 3178 Cortonenei

492 3227 647 3294 Cardinali
669 3226 706 3293 de
729 3225 875 3292 Salviatis

491 3341 662 3408 Marohioui
684 3341 837 3408 Piseariae

491 3457 569 3524 Duei
592 3457 765 3524 Mediolani

834 3599 892 3666 Die
915 3602 946 3666 et
968 3620 1046 3666 anuo
1069 3601 1226 3686 utsupra

163 3829 297 3916 Sequitur
319 3831 404 3896 uliud
419 3831 600 3898 credentiale
623 3850 676 3916 pro
694 3830 798 3898 eodem
822 3831 860 3896 ad
876 3831 978 3898 Balth.
994 3831 1211 3898 Castilioneum
1234 3853 1314 3898 nun·

88 3939 211 4022 damin
233 3967 291 4032 quo
314 3947 346 4012 id
363 3947 492 4032 speciale
514 3945 654 4031 estquod
677 3945 811 4030 pontiden
826 3947 871 4012 ait
893 3968 925 4013 ae
941 3948 1102 4013 mendasse
1124 3947 1152 4014 ei
1169 3947 1315 4032 perscribi

90 4073 133 4136 per
158 4063 407 4148 arehiepiscopum
437 4063 613 4148 Capuanum
637 4061 739 4128 omnia
763 4081 819 4127 sue
846 4063 973 4129 masida
1002 4083 1020 4127 a
1049 4063 1118 4129 loln
1141 4063 1247 4129 Barth.
1277 4061 1314 4128 de

89 4167 239 4243 Gottinaria
261 4179 299 4245 ad
322 4179 481 4246 Caesarem
503 4175 687 4264 perferenda.

837 4319 895 4388 Die
917 4321 949 4387 ot
971 4337 1049 4388 anno
1071 4321 1103 4388 et
1125 4339 1223 4408 supra.
