3152 4902
554 295 799 364 -rol-

72 497 225 561 mncmmm
246 512 379 579 operum,
401 493 540 579 cupimus
562 491 621 559 Dei
643 491 731 559 nobis
753 491 854 577 gratia
876 492 908 557 ot
929 493 982 558 tna
1004 490 1194 577 benignitate
1216 493 1301 578 aspi·

71 611 158 690 rante,
179 611 211 676 ut
232 611 352 696 legatus
375 609 479 676 noster
500 609 533 676 in
555 609 691 692 tempore
714 607 825 686 veniat
855 627 913 692 qno
936 607 1083 674 interesse
1114 607 1300 675 salutaribus

71 726 319 793 deliberationibus
340 725 447 810 possit,
476 725 530 810 qui
550 725 645 791 etiam
667 723 794 790 consilia
817 723 920 808 aliqua
949 742 1010 790 non
1031 723 1163 804 inutilia,
1191 726 1226 790 nt
1249 743 1300 790 ar-

72 842 209 922 bitmmm,
231 845 301 908 tuae
317 845 393 908 ser.ti
411 843 459 908 est
474 841 631 908 allaturus.
661 836 722 920 Qui
745 839 772 905 si
786 839 952 924 opportuno
968 837 1131 919 advenerit
1148 839 1302 926 intelliget

72 963 150 1024 ores
171 961 222 1024 tna
251 977 321 1024 cnm
344 957 443 1023 salute
465 957 630 1023 ethonore
658 955 843 1022 christimse
873 954 1055 1038 reipublicae
1078 957 1164 1022 tuam
1187 957 1300 1042 ampli-

71 1073 188 1139 tudinem
203 1073 291 1140 nobis
308 1093 398 1157 supra
414 1073 515 1139 omnia
538 1074 569 1138 et
583 1089 650 1138 osse
665 1073 696 1136 et
711 1089 829 1156 semper
851 1069 946 1137 nisse
961 1070 1183 1138 charissimam.
1217 1070 1303 1138 Sient

70 1189 147 1254 lotins
173 1209 243 1256 oum
265 1209 302 1255 ea
324 1189 376 1255 did
406 1189 489 1254 filius
519 1187 685 1254 Baldossar
713 1185 915 1253 Castilioneus
946 1187 1083 1253 notarius
1113 1191 1144 1254 et
1173 1189 1302 1254 nuncius

70 1307 155 1372 nostor
176 1307 260 1390 agot3
284 1306 334 1372 cui
356 1306 411 1372 illa
433 1302 525 1370 fidem
547 1302 681 1370 habebit
727 1303 843 1368 Datum
865 1301 980 1368 Romae
1003 1305 1058 1370 eto.
1082 1303 1131 1370 die
1154 1323 1199 1371 xv.
1215 1303 1303 1372 Junii

71 1421 171 1488 mdrxr.
214 1423 304 1488 amo
328 1421 465 1488 secundo.

468 1634 567 1720 Regi
598 1633 883 1719 Portugalliae.

142 1770 248 1837 Missis
271 1771 378 1837 meno.
422 1768 511 1836 Junii
531 1769 613 1835 xviii
637 1767 754 1835 mdmv.
801 1768 889 1834 Anno
913 1768 1050 1836 amando.

647 2029 717 2096 114.

583 2193 776 2256 Caesari

145 2349 308 2418 Carissimo
330 2351 385 2416 etc.
431 2348 488 2416 'dni
518 2349 703 2432 praestantis
732 2349 766 2414 in
794 2349 995 2417 christianam
1025 2354 1244 2437 rempublicam
1274 2359 1307 2422 ot

72 2467 231 2551 religionem
255 2465 353 2533 animi
375 2465 625 2532 multas'indicia
646 2465 709 2530 iam
732 2467 763 2532 ct
786 2465 966 2532 documenta
983 2468 1129 2550 femntnr,
1152 2471 1184 2537 et
1205 2471 1304 2556 pieta-

72 2583 123 2646 tem
143 2583 293 2668 quandam
316 2579 529 2648 admirabilem
552 2581 584 2647 et
606 2581 787 2664 sapientiam
810 2581 1005 2664 declarantia,
1028 2585 1108 2652 inter
1129 2603 1206 2670 qnae
1228 2587 1306 2656 illud

73 2715 122 2762 oon
142 2699 302 2764 minimum
325 2696 374 2763 ool
396 2696 551 2782 singrrlare
573 2697 683 2781 potius,
706 2696 786 2781 qnod
807 2698 927 2764 mutam
950 2699 1040 2767 modo
1063 2698 1190 2786 adeptus
1207 2703 1305 2770 victo-

74 2811 146 2892 dam
167 2817 312 2898 quanam
335 2813 433 2879 multa
455 2814 535 2879 retro
559 2813 660 2879 secuh
680 2831 743 2879 non
762 2811 910 2893 viderunt,
933 2815 1144 2900 prosperitatis
1167 2815 1306 2885 alliatum

75 2927 110 2992 ita
128 2929 297 2996 moderatus
320 2949 361 3008 es,
385 2927 519 2995 utillud
541 2929 622 3013 apud
643 2947 749 2996 omnes
772 2929 889 2996 celebre
911 2929 974 2995 iam
991 2931 1040 3012 sit
1063 2932 1094 2997 te
1116 2951 1178 2998 non
1201 2933 1307 3001 iccirco

75 3042 204 3111 hehmm
226 3063 293 3111 esse
323 3044 402 3129 quod
425 3043 462 3112 do
486 3043 652 3111 christiano
682 3063 753 3130 rego
775 3045 934 3112 matonam
957 3047 1129 3130 reportans,
1153 3047 1205 3114 sed
1228 3050 1308 3133 qood

76 3158 141 3225 bello
162 3162 242 3228 solut
263 3161 433 3227 neomsario
456 3159 599 3240 conlecto,
621 3161 655 3226 in
669 3161 773 3227 hostes
789 3161 848 3226 Dei
870 3162 902 3228 et
923 3160 1064 3228 inimicos
1086 3162 1158 3229 fidei
1180 3183 1305 3231 moven-

77 3273 166 3342 domm
187 3295 340 3342 armorum
362 3277 498 3343 oblatam
520 3275 579 3343 tibi
594 3275 751 3362 intelligas
774 3295 841 3343 esse
863 3277 1059 3359 occasionem,
1082 3279 1112 3345 et
1131 3282 1211 3345 certe
1234 3279 1307 3346 hoec

78 3391 201 3474 romabo
229 3392 415 3477 dignissima
445 3391 607 3459 serenitate
627 3393 683 3458 tua
710 3392 773 3469 est3
802 3411 873 3459 vera
902 3393 985 3460 anim
1007 3393 1079 3459 huic
1107 3394 1166 3460 tibi
1188 3395 1307 3461 utilitas

80 3523 135 3570 sera
154 3507 248 3592 gloria
277 3507 509 3592 comparabitur.
554 3509 760 3593 aequoniam
782 3527 837 3574 nos
860 3509 939 3574 nihil
968 3507 1123 3576 ardentius
1153 3510 1306 3579 desidera-

80 3637 135 3686 mns
160 3643 248 3709 qnam
277 3624 465 3708 temporibus
494 3625 608 3691 nostris
631 3623 733 3692 videre
763 3625 816 3709 qui
844 3625 1118 3710 propugnationem
1148 3627 1308 3695 christiani

81 3739 192 3805 nominis
208 3739 362 3825 suscipiat,
385 3741 416 3806 et
431 3739 510 3806 hano
525 3741 584 3807 tibi
599 3741 795 3826 potissimum
817 3740 940 3807 laudem
962 3743 993 3807 et
1008 3742 1147 3826 cupimus
1163 3745 1194 3810 ot
1208 3763 1307 3829 augss-

82 3867 173 3932 ramm,
194 3874 262 3922 cum
285 3855 466 3923 haberemus
481 3857 562 3941 apud
583 3875 639 3924 nos
661 3855 713 3922 dil.
737 3855 778 3922 fil
794 3855 946 3923 Joaunem
960 3857 1131 3938 inmanem,
1152 3859 1310 3928 hominem

82 3969 150 4035 omui
169 3971 277 4038 mrtute
300 3971 461 4038 nobilitate
483 3971 645 4057 prudentia
667 3972 821 4052 eximium,
850 3973 1073 4058 peritissimum
1096 3977 1128 4040 ot
1148 3975 1309 4042 hominum

83 4085 107 4146 et
125 4104 214 4153 rernm
228 4087 367 4156 omnium
389 4107 466 4173 quae
488 4087 527 4154 ad
542 4089 655 4155 Turcas
677 4089 709 4155 et
731 4090 876 4155 barbaros
898 4089 969 4156 illos
983 4090 1144 4174 pertinent,
1167 4091 1307 4157 institui-

84 4216 139 4264 mus
164 4203 280 4270 mittore
309 4223 380 4270 cum
402 4203 495 4271 adta
523 4205 604 4270 ultro
631 4205 689 4270 hoo
711 4223 729 4270 a
751 4205 839 4271 nobis
862 4205 1077 4288 postulantem,
1100 4207 1136 4271 ut
1165 4205 1309 4290 quoniam

86 4333 155 4382 snam
181 4323 316 4386 exactum
345 4319 408 4384 iam
432 4321 563 4387 neom
585 4319 619 4386 in
641 4321 697 4386 hoc
719 4340 780 4387 uno
811 4321 911 4387 studio
940 4320 1135 4387 concitandae
1165 4321 1310 4388 adversus

85 4425 177 4498 luccae
196 4435 394 4520 expeditionis
416 4435 663 4520 consumpsisset,
685 4438 830 4520 tuamque
853 4441 956 4502 sor.toln
981 4437 1145 4504 aDomino
1168 4437 1231 4504 Deo
1254 4435 1307 4504 de·
