<?xml version="1.0" encoding="UTF-8"?>
<!DOCTYPE html PUBLIC "-//W3C//DTD XHTML 1.0 Transitional//EN"
    "http://www.w3.org/TR/xhtml1/DTD/xhtml1-transitional.dtd">
<html xmlns="http://www.w3.org/1999/xhtml" xml:lang="en" lang="en">
 <head>
  <title>
</title>
<meta http-equiv="Content-Type" content="text/html;charset=utf-8" />
  <meta name='ocr-system' content='tesseract 3.04.00' />
  <meta name='ocr-capabilities' content='ocr_page ocr_carea ocr_par ocr_line ocrx_word'/>
</head>
<body>
  <div class='ocr_page' id='page_1' title='image "./monumentasaecul00sadogoog_0185.png"; bbox 0 0 3152 4902; ppageno 0'>
   <div class='ocr_carea' id='block_1_1' title="bbox 766 305 1011 372">
    <p class='ocr_par' dir='ltr' id='par_1_1' title="bbox 766 305 1011 372">
     <span class='ocr_line' id='line_1_1' title="bbox 766 305 1011 372; baseline -0.004 0"><span class='ocrx_word' id='word_1_1' title='bbox 766 305 1011 372; x_wconf 83' lang='lat'>-166-</span> 
     </span>
    </p>
   </div>
   <div class='ocr_carea' id='block_1_2' title="bbox 259 495 1498 4062">
    <p class='ocr_par' dir='ltr' id='par_1_2' title="bbox 259 495 1498 4062">
     <span class='ocr_line' id='line_1_2' title="bbox 261 495 1491 585; baseline -0.002 -22"><span class='ocrx_word' id='word_1_2' title='bbox 261 499 419 563; x_wconf 83' lang='lat' dir='ltr'>obtentum</span> <span class='ocrx_word' id='word_1_3' title='bbox 448 502 510 576; x_wconf 87' lang='lat' dir='ltr'>est;</span> <span class='ocrx_word' id='word_1_4' title='bbox 541 521 611 566; x_wconf 88' lang='lat' dir='ltr'>narn</span> <span class='ocrx_word' id='word_1_5' title='bbox 636 503 666 566; x_wconf 90' lang='lat' dir='ltr'>et</span> <span class='ocrx_word' id='word_1_6' title='bbox 687 501 771 585; x_wconf 89' lang='lat' dir='ltr'>pacis</span> <span class='ocrx_word' id='word_1_7' title='bbox 800 501 964 567; x_wconf 90' lang='lat' dir='ltr'>iucundum</span> <span class='ocrx_word' id='word_1_8' title='bbox 994 519 1112 580; x_wconf 90' lang='lat' dir='ltr'>nomen,</span> <span class='ocrx_word' id='word_1_9' title='bbox 1143 503 1174 566; x_wconf 90' lang='grc'>61</span> <span class='ocrx_word' id='word_1_10' title='bbox 1195 499 1327 566; x_wconf 86' lang='lat' dir='ltr'>conditio</span> <span class='ocrx_word' id='word_1_11' title='bbox 1356 495 1491 584; x_wconf 72' lang='lat' dir='ltr'>regniaci</span> 
     </span>
     <span class='ocr_line' id='line_1_3' title="bbox 262 615 1490 701; baseline -0.002 -23"><span class='ocrx_word' id='word_1_12' title='bbox 262 615 419 695; x_wconf 82' lang='lat' dir='ltr'>eiusmodi,</span> <span class='ocrx_word' id='word_1_13' title='bbox 442 617 477 681; x_wconf 92' lang='lat' dir='ltr'>ut</span> <span class='ocrx_word' id='word_1_14' title='bbox 501 617 558 682; x_wconf 90' lang='lat' dir='ltr'>tihi</span> <span class='ocrx_word' id='word_1_15' title='bbox 581 618 668 683; x_wconf 88' lang='lat' dir='ltr'>finire</span> <span class='ocrx_word' id='word_1_16' title='bbox 691 618 805 682; x_wconf 89' lang='lat' dir='ltr'>bellum</span> <span class='ocrx_word' id='word_1_17' title='bbox 829 638 897 684; x_wconf 90' lang='lat' dir='ltr'>cnm</span> <span class='ocrx_word' id='word_1_18' title='bbox 920 618 974 684; x_wconf 92' lang='grc'><strong>1116</strong></span> <span class='ocrx_word' id='word_1_19' title='bbox 998 618 1101 684; x_wconf 89' lang='lat' dir='ltr'>ordine</span> <span class='ocrx_word' id='word_1_20' title='bbox 1124 615 1291 701; x_wconf 79' lang='lat' dir='ltr'>expediret,</span> <span class='ocrx_word' id='word_1_21' title='bbox 1321 617 1490 696; x_wconf 78' lang='lat' dir='ltr'>attempero</span> 
     </span>
     <span class='ocr_line' id='line_1_4' title="bbox 262 729 1491 818; baseline -0.002 -24"><span class='ocrx_word' id='word_1_22' title='bbox 262 731 332 796; x_wconf 88' lang='lat' dir='ltr'>aliis</span> <span class='ocrx_word' id='word_1_23' title='bbox 355 733 445 798; x_wconf 90' lang='lat' dir='ltr'>bellis</span> <span class='ocrx_word' id='word_1_24' title='bbox 468 736 499 800; x_wconf 91' lang='lat' dir='ltr'>et</span> <span class='ocrx_word' id='word_1_25' title='bbox 520 734 663 817; x_wconf 90' lang='lat' dir='ltr'>periculis</span> <span class='ocrx_word' id='word_1_26' title='bbox 686 735 869 812; x_wconf 87' lang='lat' dir='ltr'>turbulenta,</span> <span class='ocrx_word' id='word_1_27' title='bbox 905 737 936 800; x_wconf 88' lang='lat' dir='ltr'>st</span> <span class='ocrx_word' id='word_1_28' title='bbox 958 753 1013 800; x_wconf 93' lang='lat' dir='ltr'>nos</span> <span class='ocrx_word' id='word_1_29' title='bbox 1038 753 1156 818; x_wconf 84' lang='lat' dir='ltr'>semper</span> <span class='ocrx_word' id='word_1_30' title='bbox 1177 733 1261 817; x_wconf 84' lang='lat' dir='ltr'>pacis</span> <span class='ocrx_word' id='word_1_31' title='bbox 1283 732 1343 798; x_wconf 86' lang='lat' dir='ltr'>tihi</span> <span class='ocrx_word' id='word_1_32' title='bbox 1364 751 1430 797; x_wconf 91' lang='lat' dir='ltr'>cnm</span> <span class='ocrx_word' id='word_1_33' title='bbox 1449 729 1491 794; x_wconf 90' lang='grc'><strong>1116</strong></span> 
     </span>
     <span class='ocr_line' id='line_1_5' title="bbox 263 845 1491 934; baseline -0.003 -22"><span class='ocrx_word' id='word_1_34' title='bbox 263 847 369 914; x_wconf 86' lang='lat' dir='ltr'>ordine</span> <span class='ocrx_word' id='word_1_35' title='bbox 392 851 529 916; x_wconf 77' lang='lat' dir='ltr'>auctores</span> <span class='ocrx_word' id='word_1_36' title='bbox 545 850 667 928; x_wconf 86' lang='lat' dir='ltr'>fuimus,</span> <span class='ocrx_word' id='word_1_37' title='bbox 692 853 784 934; x_wconf 88' lang='lat' dir='ltr'>tuque</span> <span class='ocrx_word' id='word_1_38' title='bbox 807 871 860 934; x_wconf 91' lang='lat' dir='ltr'>per</span> <span class='ocrx_word' id='word_1_39' title='bbox 882 850 1056 916; x_wconf 90' lang='lat' dir='ltr'>huiusmodi</span> <span class='ocrx_word' id='word_1_40' title='bbox 1077 869 1183 934; x_wconf 89' lang='lat' dir='ltr'>pacem</span> <span class='ocrx_word' id='word_1_41' title='bbox 1205 851 1296 932; x_wconf 87' lang='grc'><strong>61666</strong></span> <span class='ocrx_word' id='word_1_42' title='bbox 1311 845 1491 918; x_wconf 83' lang='lat' dir='ltr'>concordiam,</span> 
     </span>
     <span class='ocr_line' id='line_1_6' title="bbox 262 951 1491 1050; baseline -0.003 -23"><span class='ocrx_word' id='word_1_43' title='bbox 262 963 300 1028; x_wconf 88' lang='lat' dir='ltr'>ad</span> <span class='ocrx_word' id='word_1_44' title='bbox 324 965 371 1029; x_wconf 92' lang='lat' dir='ltr'>ius</span> <span class='ocrx_word' id='word_1_45' title='bbox 395 967 660 1032; x_wconf 83' lang='lat' dir='ltr'>etauctoritatem</span> <span class='ocrx_word' id='word_1_46' title='bbox 683 969 768 1031; x_wconf 88' lang='lat' dir='ltr'>tuam</span> <span class='ocrx_word' id='word_1_47' title='bbox 792 967 902 1032; x_wconf 91' lang='lat' dir='ltr'>melius</span> <span class='ocrx_word' id='word_1_48' title='bbox 917 951 1089 1050; x_wconf 83' lang='lat' dir='ltr'>pervenisti.</span> <span class='ocrx_word' id='word_1_49' title='bbox 1136 964 1248 1032; x_wconf 85' lang='lat' dir='ltr'>Gravia</span> <span class='ocrx_word' id='word_1_50' title='bbox 1271 964 1332 1029; x_wconf 87' lang='lat' dir='ltr'>ista</span> <span class='ocrx_word' id='word_1_51' title='bbox 1354 962 1450 1028; x_wconf 85' lang='lat' dir='ltr'>omnia</span> <span class='ocrx_word' id='word_1_52' title='bbox 1468 965 1491 1024; x_wconf 82' lang='lat' dir='ltr'>et</span> 
     </span>
     <span class='ocr_line' id='line_1_7' title="bbox 262 1078 1492 1166; baseline -0.002 -22"><span class='ocrx_word' id='word_1_53' title='bbox 262 1079 345 1144; x_wconf 89' lang='lat' dir='ltr'>dietn</span> <span class='ocrx_word' id='word_1_54' title='bbox 369 1080 503 1164; x_wconf 85' lang='lat' dir='ltr'>speciosa</span> <span class='ocrx_word' id='word_1_55' title='bbox 526 1083 612 1158; x_wconf 82' lang='lat' dir='ltr'>sunt3</span> <span class='ocrx_word' id='word_1_56' title='bbox 635 1101 729 1166; x_wconf 86' lang='lat' dir='ltr'>eaque</span> <span class='ocrx_word' id='word_1_57' title='bbox 752 1101 769 1146; x_wconf 86' lang='lat' dir='ltr'>a</span> <span class='ocrx_word' id='word_1_58' title='bbox 792 1083 879 1148; x_wconf 90' lang='lat' dir='ltr'>nohis</span> <span class='ocrx_word' id='word_1_59' title='bbox 895 1083 1098 1148; x_wconf 80' lang='lat' dir='ltr'>libentissime</span> <span class='ocrx_word' id='word_1_60' title='bbox 1120 1081 1327 1166; x_wconf 85' lang='lat' dir='ltr'>probarentur,</span> <span class='ocrx_word' id='word_1_61' title='bbox 1351 1079 1378 1144; x_wconf 92' lang='lat' dir='ltr'>si</span> <span class='ocrx_word' id='word_1_62' title='bbox 1393 1078 1419 1144; x_wconf 90' lang='grc'>16</span> <span class='ocrx_word' id='word_1_63' title='bbox 1436 1095 1492 1142; x_wconf 89' lang='grc'>666</span> 
     </span>
     <span class='ocr_line' id='line_1_8' title="bbox 261 1195 1492 1284; baseline -0.002 -24"><span class='ocrx_word' id='word_1_64' title='bbox 261 1217 319 1278; x_wconf 91' lang='grc'>666</span> <span class='ocrx_word' id='word_1_65' title='bbox 341 1196 400 1262; x_wconf 87' lang='lat' dir='ltr'>tibi</span> <span class='ocrx_word' id='word_1_66' title='bbox 415 1197 523 1280; x_wconf 91' lang='lat' dir='ltr'>positis</span> <span class='ocrx_word' id='word_1_67' title='bbox 538 1197 709 1264; x_wconf 90' lang='lat' dir='ltr'>inimicitiis</span> <span class='ocrx_word' id='word_1_68' title='bbox 725 1218 782 1282; x_wconf 82' lang='lat' dir='ltr'>pan</span> <span class='ocrx_word' id='word_1_69' title='bbox 798 1201 937 1284; x_wconf 88' lang='lat' dir='ltr'>suscepta</span> <span class='ocrx_word' id='word_1_70' title='bbox 960 1201 1015 1277; x_wconf 90' lang='lat' dir='ltr'>est,</span> <span class='ocrx_word' id='word_1_71' title='bbox 1040 1199 1067 1263; x_wconf 88' lang='lat' dir='ltr'>si</span> <span class='ocrx_word' id='word_1_72' title='bbox 1081 1217 1152 1264; x_wconf 83' lang='lat' dir='ltr'>vera</span> <span class='ocrx_word' id='word_1_73' title='bbox 1175 1198 1211 1263; x_wconf 94' lang='lat' dir='ltr'>de</span> <span class='ocrx_word' id='word_1_74' title='bbox 1226 1215 1260 1263; x_wconf 90' lang='grc'>66</span> <span class='ocrx_word' id='word_1_75' title='bbox 1284 1196 1321 1261; x_wconf 87' lang='grc'>61</span> <span class='ocrx_word' id='word_1_76' title='bbox 1339 1215 1393 1261; x_wconf 82' lang='grc'>666</span> <span class='ocrx_word' id='word_1_77' title='bbox 1414 1195 1492 1260; x_wconf 78' lang='lat' dir='ltr'>enen</span> 
     </span>
     <span class='ocr_line' id='line_1_9' title="bbox 262 1310 1493 1398; baseline -0.002 -22"><span class='ocrx_word' id='word_1_78' title='bbox 262 1315 342 1390; x_wconf 83' lang='lat' dir='ltr'>sunt,</span> <span class='ocrx_word' id='word_1_79' title='bbox 366 1312 494 1398; x_wconf 84' lang='lat' dir='ltr'>dignum</span> <span class='ocrx_word' id='word_1_80' title='bbox 518 1333 550 1380; x_wconf 91' lang='lat' dir='ltr'>se</span> <span class='ocrx_word' id='word_1_81' title='bbox 572 1316 626 1380; x_wconf 90' lang='lat' dir='ltr'>tua</span> <span class='ocrx_word' id='word_1_82' title='bbox 648 1315 708 1380; x_wconf 84' lang='lat' dir='ltr'>ista</span> <span class='ocrx_word' id='word_1_83' title='bbox 731 1317 762 1381; x_wconf 88' lang='lat' dir='ltr'>et</span> <span class='ocrx_word' id='word_1_84' title='bbox 777 1315 985 1384; x_wconf 84' lang='lat' dir='ltr'>munificentia</span> <span class='ocrx_word' id='word_1_85' title='bbox 1007 1318 1038 1380; x_wconf 89' lang='lat' dir='ltr'>et</span> <span class='ocrx_word' id='word_1_86' title='bbox 1060 1313 1292 1380; x_wconf 89' lang='lat' dir='ltr'>mansuetudine</span> <span class='ocrx_word' id='word_1_87' title='bbox 1311 1310 1493 1396; x_wconf 85' lang='lat' dir='ltr'>praebuisset</span> 
     </span>
     <span class='ocr_line' id='line_1_10' title="bbox 260 1423 1493 1512; baseline -0.003 -20"><span class='ocrx_word' id='word_1_88' title='bbox 260 1428 350 1493; x_wconf 88' lang='lat' dir='ltr'>Nunc</span> <span class='ocrx_word' id='word_1_89' title='bbox 373 1428 446 1512; x_wconf 91' lang='grc'><strong>6611</strong></span> <span class='ocrx_word' id='word_1_90' title='bbox 469 1429 631 1496; x_wconf 87' lang='lat' dir='ltr'>debeamus</span> <span class='ocrx_word' id='word_1_91' title='bbox 655 1430 691 1496; x_wconf 89' lang='lat' dir='ltr'>de</span> <span class='ocrx_word' id='word_1_92' title='bbox 714 1450 748 1496; x_wconf 91' lang='lat' dir='ltr'>eo</span> <span class='ocrx_word' id='word_1_93' title='bbox 771 1431 945 1497; x_wconf 81' lang='lat' dir='ltr'>existimare</span> <span class='ocrx_word' id='word_1_94' title='bbox 967 1432 1021 1496; x_wconf 86' lang='lat' dir='ltr'>aut</span> <span class='ocrx_word' id='word_1_95' title='bbox 1045 1430 1182 1507; x_wconf 88' lang='lat' dir='ltr'>scribere,</span> <span class='ocrx_word' id='word_1_96' title='bbox 1204 1429 1354 1494; x_wconf 83' lang='lat' dir='ltr'>incertum</span> <span class='ocrx_word' id='word_1_97' title='bbox 1378 1429 1431 1492; x_wconf 88' lang='lat' dir='ltr'>est</span> <span class='ocrx_word' id='word_1_98' title='bbox 1459 1423 1493 1491; x_wconf 86' lang='grc'>111</span> 
     </span>
     <span class='ocr_line' id='line_1_11' title="bbox 260 1541 1494 1630; baseline -0.004 -20"><span class='ocrx_word' id='word_1_99' title='bbox 260 1545 343 1610; x_wconf 90' lang='lat' dir='ltr'>enim</span> <span class='ocrx_word' id='word_1_100' title='bbox 366 1545 468 1611; x_wconf 87' lang='lat' dir='ltr'>omnis</span> <span class='ocrx_word' id='word_1_101' title='bbox 484 1565 501 1610; x_wconf 88' lang='lat' dir='ltr'>a</span> <span class='ocrx_word' id='word_1_102' title='bbox 517 1548 571 1610; x_wconf 87' lang='lat' dir='ltr'>tua</span> <span class='ocrx_word' id='word_1_103' title='bbox 585 1547 670 1630; x_wconf 83' lang='lat' dir='ltr'>parte</span> <span class='ocrx_word' id='word_1_104' title='bbox 685 1546 774 1630; x_wconf 83' lang='lat' dir='ltr'>plena</span> <span class='ocrx_word' id='word_1_105' title='bbox 797 1547 907 1630; x_wconf 91' lang='lat' dir='ltr'>optimi</span> <span class='ocrx_word' id='word_1_106' title='bbox 929 1545 1025 1612; x_wconf 89' lang='lat' dir='ltr'>animi</span> <span class='ocrx_word' id='word_1_107' title='bbox 1040 1549 1070 1613; x_wconf 90' lang='lat' dir='ltr'>st</span> <span class='ocrx_word' id='word_1_108' title='bbox 1094 1544 1290 1610; x_wconf 84' lang='lat' dir='ltr'>sanctissima</span> <span class='ocrx_word' id='word_1_109' title='bbox 1312 1543 1414 1609; x_wconf 79' lang='lat' dir='ltr'>mente</span> <span class='ocrx_word' id='word_1_110' title='bbox 1427 1541 1494 1606; x_wconf 81' lang='lat' dir='ltr'>fecte</span> 
     </span>
     <span class='ocr_line' id='line_1_12' title="bbox 260 1654 1494 1741; baseline -0.006 -15"><span class='ocrx_word' id='word_1_111' title='bbox 260 1660 478 1739; x_wconf 84' lang='lat' dir='ltr'>existimemus,</span> <span class='ocrx_word' id='word_1_112' title='bbox 502 1661 580 1726; x_wconf 90' lang='lat' dir='ltr'>sicut</span> <span class='ocrx_word' id='word_1_113' title='bbox 603 1665 683 1728; x_wconf 87' lang='lat' dir='ltr'>certe</span> <span class='ocrx_word' id='word_1_114' title='bbox 698 1663 918 1741; x_wconf 84' lang='lat' dir='ltr'>existimamus,</span> <span class='ocrx_word' id='word_1_115' title='bbox 933 1681 988 1728; x_wconf 91' lang='lat' dir='ltr'>nec</span> <span class='ocrx_word' id='word_1_116' title='bbox 1003 1661 1092 1727; x_wconf 85' lang='lat' dir='ltr'>ahter</span> <span class='ocrx_word' id='word_1_117' title='bbox 1107 1660 1144 1726; x_wconf 90' lang='lat' dir='ltr'>de</span> <span class='ocrx_word' id='word_1_118' title='bbox 1159 1662 1244 1726; x_wconf 81' lang='lat' dir='ltr'>tanto</span> <span class='ocrx_word' id='word_1_119' title='bbox 1267 1661 1298 1725; x_wconf 87' lang='lat' dir='ltr'>et</span> <span class='ocrx_word' id='word_1_120' title='bbox 1313 1663 1379 1724; x_wconf 81' lang='lat' dir='ltr'>tem</span> <span class='ocrx_word' id='word_1_121' title='bbox 1394 1654 1494 1722; x_wconf 80' lang='lat' dir='ltr'>thristi</span> 
     </span>
     <span class='ocr_line' id='line_1_13' title="bbox 260 1773 1494 1862; baseline -0.006 -21"><span class='ocrx_word' id='word_1_122' title='bbox 260 1779 382 1842; x_wconf 86' lang='lat' dir='ltr'>amante</span> <span class='ocrx_word' id='word_1_123' title='bbox 405 1795 474 1862; x_wconf 83' lang='lat' dir='ltr'>rege</span> <span class='ocrx_word' id='word_1_124' title='bbox 506 1778 617 1843; x_wconf 89' lang='lat' dir='ltr'>sentire</span> <span class='ocrx_word' id='word_1_125' title='bbox 639 1781 687 1843; x_wconf 91' lang='lat' dir='ltr'>est</span> <span class='ocrx_word' id='word_1_126' title='bbox 708 1779 764 1856; x_wconf 83' lang='lat' dir='ltr'>sss,</span> <span class='ocrx_word' id='word_1_127' title='bbox 788 1798 847 1844; x_wconf 93' lang='lat' dir='ltr'>non</span> <span class='ocrx_word' id='word_1_128' title='bbox 870 1797 1031 1862; x_wconf 90' lang='lat' dir='ltr'>possumus</span> <span class='ocrx_word' id='word_1_129' title='bbox 1061 1797 1096 1843; x_wconf 85' lang='lat' dir='ltr'>ex</span> <span class='ocrx_word' id='word_1_130' title='bbox 1119 1778 1215 1843; x_wconf 88' lang='lat' dir='ltr'>alters</span> <span class='ocrx_word' id='word_1_131' title='bbox 1237 1775 1312 1860; x_wconf 88' lang='grc'><strong>6611</strong></span> <span class='ocrx_word' id='word_1_132' title='bbox 1341 1773 1494 1841; x_wconf 73' lang='lat' dir='ltr'>sondemus</span> 
     </span>
     <span class='ocr_line' id='line_1_14' title="bbox 260 1887 1495 1977; baseline -0.006 -20"><span class='ocrx_word' id='word_1_133' title='bbox 260 1893 424 1959; x_wconf 76' lang='lat' dir='ltr'>decernere.</span> <span class='ocrx_word' id='word_1_134' title='bbox 468 1893 550 1959; x_wconf 86' lang='grc'><strong>11161</strong></span> <span class='ocrx_word' id='word_1_135' title='bbox 579 1893 701 1977; x_wconf 92' lang='lat' dir='ltr'>quidem</span> <span class='ocrx_word' id='word_1_136' title='bbox 732 1895 876 1960; x_wconf 88' lang='lat' dir='ltr'>maiorem</span> <span class='ocrx_word' id='word_1_137' title='bbox 910 1894 942 1959; x_wconf 94' lang='lat' dir='ltr'>in</span> <span class='ocrx_word' id='word_1_138' title='bbox 972 1893 1096 1960; x_wconf 91' lang='lat' dir='ltr'>modum</span> <span class='ocrx_word' id='word_1_139' title='bbox 1127 1913 1162 1958; x_wconf 86' lang='lat' dir='ltr'>ex</span> <span class='ocrx_word' id='word_1_140' title='bbox 1191 1892 1254 1957; x_wconf 90' lang='lat' dir='ltr'>tuis</span> <span class='ocrx_word' id='word_1_141' title='bbox 1284 1891 1382 1958; x_wconf 84' lang='lat' dir='ltr'>literis</span> <span class='ocrx_word' id='word_1_142' title='bbox 1410 1887 1495 1974; x_wconf 82' lang='lat' dir='ltr'>gavisi</span> 
     </span>
     <span class='ocr_line' id='line_1_15' title="bbox 260 2005 1493 2092; baseline -0.002 -20"><span class='ocrx_word' id='word_1_143' title='bbox 260 2027 374 2088; x_wconf 84' lang='lat' dir='ltr'>sumus,</span> <span class='ocrx_word' id='word_1_144' title='bbox 398 2009 477 2092; x_wconf 90' lang='lat' dir='ltr'>quod</span> <span class='ocrx_word' id='word_1_145' title='bbox 501 2009 648 2075; x_wconf 81' lang='lat' dir='ltr'>serenitas</span> <span class='ocrx_word' id='word_1_146' title='bbox 671 2012 724 2074; x_wconf 90' lang='lat' dir='ltr'>tua</span> <span class='ocrx_word' id='word_1_147' title='bbox 740 2009 874 2076; x_wconf 89' lang='lat' dir='ltr'>ostendit</span> <span class='ocrx_word' id='word_1_148' title='bbox 897 2029 929 2076; x_wconf 92' lang='lat' dir='ltr'>se</span> <span class='ocrx_word' id='word_1_149' title='bbox 951 2027 1072 2074; x_wconf 92' lang='lat' dir='ltr'>omnem</span> <span class='ocrx_word' id='word_1_150' title='bbox 1088 2008 1229 2074; x_wconf 86' lang='lat' dir='ltr'>daturam</span> <span class='ocrx_word' id='word_1_151' title='bbox 1245 2026 1377 2092; x_wconf 85' lang='lat' dir='ltr'>operam,</span> <span class='ocrx_word' id='word_1_152' title='bbox 1399 2008 1429 2072; x_wconf 91' lang='lat' dir='ltr'>et</span> <span class='ocrx_word' id='word_1_153' title='bbox 1442 2005 1493 2070; x_wconf 88' lang='lat' dir='ltr'>ism</span> 
     </span>
     <span class='ocr_line' id='line_1_16' title="bbox 260 2120 1495 2210; baseline -0.004 -20"><span class='ocrx_word' id='word_1_154' title='bbox 260 2125 331 2190; x_wconf 91' lang='lat' dir='ltr'>dare</span> <span class='ocrx_word' id='word_1_155' title='bbox 354 2125 477 2208; x_wconf 87' lang='lat' dir='ltr'>cepisse,</span> <span class='ocrx_word' id='word_1_156' title='bbox 508 2126 543 2190; x_wconf 91' lang='lat' dir='ltr'>ut</span> <span class='ocrx_word' id='word_1_157' title='bbox 565 2123 681 2190; x_wconf 83' lang='lat' dir='ltr'>Christi</span> <span class='ocrx_word' id='word_1_158' title='bbox 710 2125 784 2191; x_wconf 85' lang='lat' dir='ltr'>fides</span> <span class='ocrx_word' id='word_1_159' title='bbox 814 2129 905 2210; x_wconf 89' lang='lat' dir='ltr'>atquc</span> <span class='ocrx_word' id='word_1_160' title='bbox 927 2124 1044 2209; x_wconf 85' lang='lat' dir='ltr'>religio,</span> <span class='ocrx_word' id='word_1_161' title='bbox 1074 2123 1192 2190; x_wconf 89' lang='lat' dir='ltr'>inillis</span> <span class='ocrx_word' id='word_1_162' title='bbox 1216 2123 1360 2188; x_wconf 83' lang='lat' dir='ltr'>Proseise</span> <span class='ocrx_word' id='word_1_163' title='bbox 1388 2120 1495 2206; x_wconf 83' lang='lat' dir='ltr'>populis</span> 
     </span>
     <span class='ocr_line' id='line_1_17' title="bbox 261 2237 1495 2324; baseline -0.002 -20"><span class='ocrx_word' id='word_1_164' title='bbox 261 2239 445 2306; x_wconf 89' lang='lat' dir='ltr'>restituatur.</span> <span class='ocrx_word' id='word_1_165' title='bbox 492 2237 578 2319; x_wconf 78' lang='lat' dir='ltr'>Quod</span> <span class='ocrx_word' id='word_1_166' title='bbox 601 2241 692 2306; x_wconf 88' lang='grc'><strong>161111</strong></span> <span class='ocrx_word' id='word_1_167' title='bbox 714 2242 872 2308; x_wconf 86' lang='lat' dir='ltr'>carissimo</span> <span class='ocrx_word' id='word_1_168' title='bbox 887 2243 999 2324; x_wconf 87' lang='lat' dir='ltr'>quanto</span> <span class='ocrx_word' id='word_1_169' title='bbox 1022 2259 1184 2324; x_wconf 88' lang='lat' dir='ltr'>possumne</span> <span class='ocrx_word' id='word_1_170' title='bbox 1200 2237 1301 2305; x_wconf 89' lang='lat' dir='ltr'>studio</span> <span class='ocrx_word' id='word_1_171' title='bbox 1319 2239 1495 2304; x_wconf 85' lang='lat' dir='ltr'>obtestamur</span> 
     </span>
     <span class='ocr_line' id='line_1_18' title="bbox 259 2351 1495 2439; baseline -0.004 -19"><span class='ocrx_word' id='word_1_172' title='bbox 259 2373 311 2438; x_wconf 85' lang='lat' dir='ltr'>per</span> <span class='ocrx_word' id='word_1_173' title='bbox 334 2355 449 2420; x_wconf 83' lang='lat' dir='ltr'>viscera</span> <span class='ocrx_word' id='word_1_174' title='bbox 471 2355 696 2422; x_wconf 89' lang='lat' dir='ltr'>misericordiae</span> <span class='ocrx_word' id='word_1_175' title='bbox 712 2357 769 2422; x_wconf 92' lang='lat' dir='ltr'>Dei</span> <span class='ocrx_word' id='word_1_176' title='bbox 791 2357 896 2435; x_wconf 84' lang='lat' dir='ltr'>nostri,</span> <span class='ocrx_word' id='word_1_177' title='bbox 918 2358 955 2422; x_wconf 91' lang='lat' dir='ltr'>nt</span> <span class='ocrx_word' id='word_1_178' title='bbox 976 2356 1033 2422; x_wconf 91' lang='lat' dir='ltr'>hoo</span> <span class='ocrx_word' id='word_1_179' title='bbox 1048 2373 1164 2439; x_wconf 90' lang='grc'><strong>666666</strong></span> <span class='ocrx_word' id='word_1_180' title='bbox 1186 2355 1418 2420; x_wconf 88' lang='lat' dir='ltr'>monumentum</span> <span class='ocrx_word' id='word_1_181' title='bbox 1439 2351 1495 2436; x_wconf 87' lang='lat' dir='ltr'>pie·</span> 
     </span>
     <span class='ocr_line' id='line_1_19' title="bbox 259 2469 1493 2556; baseline -0.001 -22"><span class='ocrx_word' id='word_1_182' title='bbox 259 2470 333 2535; x_wconf 86' lang='lat' dir='ltr'>tatis</span> <span class='ocrx_word' id='word_1_183' title='bbox 356 2473 387 2536; x_wconf 88' lang='lat' dir='ltr'>et</span> <span class='ocrx_word' id='word_1_184' title='bbox 410 2471 556 2536; x_wconf 86' lang='lat' dir='ltr'>bonitatis</span> <span class='ocrx_word' id='word_1_185' title='bbox 580 2473 650 2537; x_wconf 90' lang='lat' dir='ltr'>tuae</span> <span class='ocrx_word' id='word_1_186' title='bbox 672 2471 711 2537; x_wconf 85' lang='lat' dir='ltr'>ad</span> <span class='ocrx_word' id='word_1_187' title='bbox 734 2473 849 2556; x_wconf 90' lang='lat' dir='ltr'>reliqua</span> <span class='ocrx_word' id='word_1_188' title='bbox 872 2473 952 2537; x_wconf 86' lang='lat' dir='ltr'>facta</span> <span class='ocrx_word' id='word_1_189' title='bbox 967 2470 1121 2555; x_wconf 84' lang='lat' dir='ltr'>praeclara</span> <span class='ocrx_word' id='word_1_190' title='bbox 1144 2472 1175 2537; x_wconf 87' lang='lat' dir='ltr'>st</span> <span class='ocrx_word' id='word_1_191' title='bbox 1196 2469 1296 2548; x_wconf 85' lang='lat' dir='ltr'>fortia,</span> <span class='ocrx_word' id='word_1_192' title='bbox 1319 2489 1396 2554; x_wconf 87' lang='lat' dir='ltr'>quae</span> <span class='ocrx_word' id='word_1_193' title='bbox 1417 2469 1493 2534; x_wconf 85' lang='lat' dir='ltr'>ante-</span> 
     </span>
     <span class='ocr_line' id='line_1_20' title="bbox 259 2585 1494 2671; baseline 0.001 -22"><span class='ocrx_word' id='word_1_194' title='bbox 259 2585 316 2650; x_wconf 86' lang='lat' dir='ltr'>hac</span> <span class='ocrx_word' id='word_1_195' title='bbox 346 2586 453 2666; x_wconf 83' lang='lat' dir='ltr'>iecisti,</span> <span class='ocrx_word' id='word_1_196' title='bbox 484 2586 641 2671; x_wconf 84' lang='lat' dir='ltr'>adiungas.</span> <span class='ocrx_word' id='word_1_197' title='bbox 688 2587 814 2654; x_wconf 87' lang='lat' dir='ltr'>Miseret</span> <span class='ocrx_word' id='word_1_198' title='bbox 843 2607 897 2653; x_wconf 91' lang='lat' dir='ltr'>nos</span> <span class='ocrx_word' id='word_1_199' title='bbox 920 2588 1042 2654; x_wconf 88' lang='lat' dir='ltr'>iliorum</span> <span class='ocrx_word' id='word_1_200' title='bbox 1072 2587 1253 2653; x_wconf 89' lang='lat' dir='ltr'>miserorum</span> <span class='ocrx_word' id='word_1_201' title='bbox 1276 2587 1307 2652; x_wconf 90' lang='lat' dir='ltr'>et</span> <span class='ocrx_word' id='word_1_202' title='bbox 1336 2585 1494 2652; x_wconf 82' lang='lat' dir='ltr'>infortuna·</span> 
     </span>
     <span class='ocr_line' id='line_1_21' title="bbox 259 2699 1495 2786; baseline -0.003 -19"><span class='ocrx_word' id='word_1_203' title='bbox 259 2703 359 2768; x_wconf 89' lang='lat' dir='ltr'>torum</span> <span class='ocrx_word' id='word_1_204' title='bbox 383 2703 577 2781; x_wconf 86' lang='lat' dir='ltr'>calamitatis,</span> <span class='ocrx_word' id='word_1_205' title='bbox 607 2704 741 2786; x_wconf 91' lang='lat' dir='ltr'>quinon</span> <span class='ocrx_word' id='word_1_206' title='bbox 771 2704 907 2768; x_wconf 80' lang='lat' dir='ltr'>fortunas</span> <span class='ocrx_word' id='word_1_207' title='bbox 931 2721 1011 2780; x_wconf 87' lang='grc'><strong>6666,</strong></span> <span class='ocrx_word' id='word_1_208' title='bbox 1041 2702 1095 2766; x_wconf 88' lang='grc'>661</span> <span class='ocrx_word' id='word_1_209' title='bbox 1125 2721 1157 2768; x_wconf 88' lang='lat' dir='ltr'>se</span> <span class='ocrx_word' id='word_1_210' title='bbox 1179 2702 1327 2786; x_wconf 81' lang='lat' dir='ltr'>metipsos</span> <span class='ocrx_word' id='word_1_211' title='bbox 1356 2699 1495 2785; x_wconf 87' lang='lat' dir='ltr'>perditum</span> 
     </span>
     <span class='ocr_line' id='line_1_22' title="bbox 260 2815 1496 2902; baseline -0.001 -19"><span class='ocrx_word' id='word_1_212' title='bbox 260 2819 343 2896; x_wconf 74' lang='lat' dir='ltr'>eunt,</span> <span class='ocrx_word' id='word_1_213' title='bbox 368 2818 440 2883; x_wconf 92' lang='lat' dir='ltr'>dum</span> <span class='ocrx_word' id='word_1_214' title='bbox 464 2819 571 2885; x_wconf 83' lang='lat' dir='ltr'>volunt</span> <span class='ocrx_word' id='word_1_215' title='bbox 593 2818 694 2902; x_wconf 89' lang='lat' dir='ltr'>pravis</span> <span class='ocrx_word' id='word_1_216' title='bbox 724 2819 889 2885; x_wconf 85' lang='lat' dir='ltr'>rectoribus</span> <span class='ocrx_word' id='word_1_217' title='bbox 913 2821 944 2884; x_wconf 89' lang='lat' dir='ltr'>et</span> <span class='ocrx_word' id='word_1_218' title='bbox 966 2817 1167 2884; x_wconf 87' lang='lat' dir='ltr'>monitoribus</span> <span class='ocrx_word' id='word_1_219' title='bbox 1198 2815 1262 2883; x_wconf 88' lang='lat' dir='ltr'>suis</span> <span class='ocrx_word' id='word_1_220' title='bbox 1291 2817 1496 2901; x_wconf 79' lang='lat' dir='ltr'>obtemporare..</span> 
     </span>
     <span class='ocr_line' id='line_1_23' title="bbox 261 2928 1496 3018; baseline -0.003 -20"><span class='ocrx_word' id='word_1_221' title='bbox 261 2933 426 3018; x_wconf 90' lang='lat' dir='ltr'>inquibus</span> <span class='ocrx_word' id='word_1_222' title='bbox 450 2935 477 2998; x_wconf 88' lang='lat' dir='ltr'>ei</span> <span class='ocrx_word' id='word_1_223' title='bbox 500 2935 534 3000; x_wconf 90' lang='lat' dir='ltr'>tu</span> <span class='ocrx_word' id='word_1_224' title='bbox 550 2933 748 3001; x_wconf 84' lang='lat' dir='ltr'>hereditatem</span> <span class='ocrx_word' id='word_1_225' title='bbox 773 2933 922 3000; x_wconf 85' lang='lat' dir='ltr'>maiorum</span> <span class='ocrx_word' id='word_1_226' title='bbox 945 2936 1074 3010; x_wconf 91' lang='lat' dir='ltr'>tuorum,</span> <span class='ocrx_word' id='word_1_227' title='bbox 1098 2936 1132 2999; x_wconf 90' lang='lat' dir='ltr'>ut</span> <span class='ocrx_word' id='word_1_228' title='bbox 1148 2933 1265 3011; x_wconf 88' lang='lat' dir='ltr'>scribis,</span> <span class='ocrx_word' id='word_1_229' title='bbox 1288 2931 1450 3017; x_wconf 85' lang='lat' dir='ltr'>repetiisti,</span> <span class='ocrx_word' id='word_1_230' title='bbox 1469 2928 1496 2994; x_wconf 94' lang='lat' dir='ltr'>in</span> 
     </span>
     <span class='ocr_line' id='line_1_24' title="bbox 261 3048 1497 3134; baseline -0.004 -20"><span class='ocrx_word' id='word_1_231' title='bbox 261 3049 408 3115; x_wconf 86' lang='lat' dir='ltr'>memoris</span> <span class='ocrx_word' id='word_1_232' title='bbox 423 3050 536 3115; x_wconf 88' lang='lat' dir='ltr'>habeas</span> <span class='ocrx_word' id='word_1_233' title='bbox 551 3069 716 3134; x_wconf 87' lang='lat' dir='ltr'>precamur,</span> <span class='ocrx_word' id='word_1_234' title='bbox 739 3049 938 3116; x_wconf 83' lang='lat' dir='ltr'>hereditatem</span> <span class='ocrx_word' id='word_1_235' title='bbox 954 3068 1071 3134; x_wconf 89' lang='grc'><strong>666666</strong></span> <span class='ocrx_word' id='word_1_236' title='bbox 1086 3049 1211 3116; x_wconf 88' lang='lat' dir='ltr'>Domini</span> <span class='ocrx_word' id='word_1_237' title='bbox 1226 3049 1284 3115; x_wconf 81' lang='lat' dir='ltr'>Dei</span> <span class='ocrx_word' id='word_1_238' title='bbox 1306 3049 1338 3115; x_wconf 93' lang='lat' dir='ltr'>in</span> <span class='ocrx_word' id='word_1_239' title='bbox 1363 3048 1425 3113; x_wconf 90' lang='lat' dir='ltr'>illis</span> <span class='ocrx_word' id='word_1_240' title='bbox 1439 3063 1497 3112; x_wconf 84' lang='lat' dir='ltr'>esse</span> 
     </span>
     <span class='ocr_line' id='line_1_25' title="bbox 262 3163 1495 3249; baseline -0.003 -19"><span class='ocrx_word' id='word_1_241' title='bbox 262 3165 449 3232; x_wconf 87' lang='lat' dir='ltr'>servandam.</span> <span class='ocrx_word' id='word_1_242' title='bbox 495 3166 587 3232; x_wconf 76' lang='lat' dir='ltr'>thius</span> <span class='ocrx_word' id='word_1_243' title='bbox 611 3165 733 3249; x_wconf 91' lang='lat' dir='ltr'>quidem</span> <span class='ocrx_word' id='word_1_244' title='bbox 748 3166 806 3232; x_wconf 91' lang='lat' dir='ltr'>Dei</span> <span class='ocrx_word' id='word_1_245' title='bbox 827 3169 859 3232; x_wconf 96' lang='grc'>61</span> <span class='ocrx_word' id='word_1_246' title='bbox 880 3185 936 3232; x_wconf 88' lang='grc'>666</span> <span class='ocrx_word' id='word_1_247' title='bbox 959 3166 990 3233; x_wconf 93' lang='grc'>61</span> <span class='ocrx_word' id='word_1_248' title='bbox 1012 3165 1068 3244; x_wconf 89' lang='lat' dir='ltr'>illi,</span> <span class='ocrx_word' id='word_1_249' title='bbox 1090 3167 1122 3232; x_wconf 87' lang='lat' dir='ltr'>et</span> <span class='ocrx_word' id='word_1_250' title='bbox 1145 3169 1240 3232; x_wconf 65' lang='lat' dir='ltr'>sente·</span> <span class='ocrx_word' id='word_1_251' title='bbox 1262 3168 1324 3244; x_wconf 78' lang='lat' dir='ltr'>tua,</span> <span class='ocrx_word' id='word_1_252' title='bbox 1347 3163 1495 3231; x_wconf 79' lang='grc'><strong>1661616-</strong></span> 
     </span>
     <span class='ocr_line' id='line_1_26' title="bbox 261 3279 1497 3365; baseline -0.003 -20"><span class='ocrx_word' id='word_1_253' title='bbox 261 3281 375 3346; x_wconf 81' lang='lat' dir='ltr'>reditas</span> <span class='ocrx_word' id='word_1_254' title='bbox 399 3301 513 3347; x_wconf 88' lang='lat' dir='ltr'>sumus.</span> <span class='ocrx_word' id='word_1_255' title='bbox 559 3281 632 3361; x_wconf 87' lang='lat' dir='ltr'>Nos,</span> <span class='ocrx_word' id='word_1_256' title='bbox 656 3281 717 3346; x_wconf 93' lang='lat' dir='ltr'>nisi</span> <span class='ocrx_word' id='word_1_257' title='bbox 739 3281 1003 3365; x_wconf 80' lang='grc'><strong>66161616166166</strong></span> <span class='ocrx_word' id='word_1_258' title='bbox 1026 3281 1128 3348; x_wconf 89' lang='lat' dir='ltr'>dolore</span> <span class='ocrx_word' id='word_1_259' title='bbox 1157 3299 1421 3359; x_wconf 88' lang='lat' dir='ltr'>commoveremur,</span> <span class='ocrx_word' id='word_1_260' title='bbox 1448 3279 1497 3342; x_wconf 85' lang='lat' dir='ltr'>hac</span> 
     </span>
     <span class='ocr_line' id='line_1_27' title="bbox 261 3395 1495 3482; baseline 0 -20"><span class='ocrx_word' id='word_1_261' title='bbox 261 3397 350 3462; x_wconf 81' lang='lat' dir='ltr'>facile</span> <span class='ocrx_word' id='word_1_262' title='bbox 375 3415 533 3482; x_wconf 88' lang='lat' dir='ltr'>possemus</span> <span class='ocrx_word' id='word_1_263' title='bbox 556 3417 626 3463; x_wconf 89' lang='lat' dir='ltr'>cura</span> <span class='ocrx_word' id='word_1_264' title='bbox 649 3399 680 3463; x_wconf 88' lang='lat' dir='ltr'>et</span> <span class='ocrx_word' id='word_1_265' title='bbox 703 3397 906 3464; x_wconf 88' lang='lat' dir='ltr'>sollicitudine</span> <span class='ocrx_word' id='word_1_266' title='bbox 936 3397 1032 3463; x_wconf 87' lang='lat' dir='ltr'>enimi</span> <span class='ocrx_word' id='word_1_267' title='bbox 1060 3395 1269 3481; x_wconf 83' lang='lat' dir='ltr'>supersedere;</span> <span class='ocrx_word' id='word_1_268' title='bbox 1299 3395 1354 3462; x_wconf 90' lang='lat' dir='ltr'>sed</span> <span class='ocrx_word' id='word_1_269' title='bbox 1375 3413 1428 3479; x_wconf 88' lang='lat' dir='ltr'>pro</span> <span class='ocrx_word' id='word_1_270' title='bbox 1448 3411 1495 3476; x_wconf 81' lang='lat' dir='ltr'>pe·</span> 
     </span>
     <span class='ocr_line' id='line_1_28' title="bbox 263 3512 1496 3597; baseline -0.002 -19"><span class='ocrx_word' id='word_1_271' title='bbox 263 3513 354 3578; x_wconf 84' lang='lat' dir='ltr'>storia</span> <span class='ocrx_word' id='word_1_272' title='bbox 377 3515 408 3579; x_wconf 89' lang='grc'>61</span> <span class='ocrx_word' id='word_1_273' title='bbox 424 3514 520 3597; x_wconf 90' lang='lat' dir='ltr'>patris</span> <span class='ocrx_word' id='word_1_274' title='bbox 536 3513 694 3578; x_wconf 79' lang='lat' dir='ltr'>dumtaxat</span> <span class='ocrx_word' id='word_1_275' title='bbox 709 3513 815 3589; x_wconf 87' lang='lat' dir='ltr'>officio,</span> <span class='ocrx_word' id='word_1_276' title='bbox 839 3513 989 3578; x_wconf 85' lang='lat' dir='ltr'>efficimur</span> <span class='ocrx_word' id='word_1_277' title='bbox 1012 3515 1058 3579; x_wconf 90' lang='grc'>161</span> <span class='ocrx_word' id='word_1_278' title='bbox 1073 3512 1259 3597; x_wconf 90' lang='lat' dir='ltr'>simplicium</span> <span class='ocrx_word' id='word_1_279' title='bbox 1281 3515 1313 3578; x_wconf 91' lang='grc'>61</span> <span class='ocrx_word' id='word_1_280' title='bbox 1327 3512 1496 3578; x_wconf 86' lang='lat' dir='ltr'>miserorum</span> 
     </span>
     <span class='ocr_line' id='line_1_29' title="bbox 262 3621 1497 3713; baseline -0.002 -19"><span class='ocrx_word' id='word_1_281' title='bbox 262 3629 355 3696; x_wconf 89' lang='lat' dir='ltr'>saluti</span> <span class='ocrx_word' id='word_1_282' title='bbox 378 3648 505 3712; x_wconf 90' lang='lat' dir='ltr'>quorum</span> <span class='ocrx_word' id='word_1_283' title='bbox 528 3631 559 3694; x_wconf 92' lang='lat' dir='ltr'>te</span> <span class='ocrx_word' id='word_1_284' title='bbox 582 3648 699 3713; x_wconf 87' lang='lat' dir='ltr'>quoque</span> <span class='ocrx_word' id='word_1_285' title='bbox 721 3632 756 3694; x_wconf 92' lang='lat' dir='ltr'>ut</span> <span class='ocrx_word' id='word_1_286' title='bbox 784 3629 990 3696; x_wconf 89' lang='lat' dir='ltr'>misericordia</span> <span class='ocrx_word' id='word_1_287' title='bbox 1019 3627 1120 3712; x_wconf 85' lang='lat' dir='ltr'>capiat</span> <span class='ocrx_word' id='word_1_288' title='bbox 1148 3628 1359 3712; x_wconf 72' lang='lat' dir='ltr'>deprecamur,</span> <span class='ocrx_word' id='word_1_289' title='bbox 1389 3621 1497 3712; x_wconf 79' lang='lat' dir='ltr'>quando</span> 
     </span>
     <span class='ocr_line' id='line_1_30' title="bbox 261 3739 1498 3829; baseline -0.007 -17"><span class='ocrx_word' id='word_1_290' title='bbox 261 3765 364 3812; x_wconf 91' lang='lat' dir='ltr'>eorum</span> <span class='ocrx_word' id='word_1_291' title='bbox 383 3765 453 3812; x_wconf 88' lang='lat' dir='ltr'>cura</span> <span class='ocrx_word' id='word_1_292' title='bbox 469 3747 500 3810; x_wconf 88' lang='lat' dir='ltr'>et</span> <span class='ocrx_word' id='word_1_293' title='bbox 515 3744 652 3812; x_wconf 82' lang='lat' dir='ltr'>custodia</span> <span class='ocrx_word' id='word_1_294' title='bbox 673 3765 727 3828; x_wconf 90' lang='lat' dir='ltr'>pro</span> <span class='ocrx_word' id='word_1_295' title='bbox 742 3747 811 3812; x_wconf 87' lang='lat' dir='ltr'>tuae</span> <span class='ocrx_word' id='word_1_296' title='bbox 835 3745 1056 3829; x_wconf 89' lang='lat' dir='ltr'>superioritatis</span> <span class='ocrx_word' id='word_1_297' title='bbox 1079 3745 1151 3822; x_wconf 89' lang='lat' dir='ltr'>inre,</span> <span class='ocrx_word' id='word_1_298' title='bbox 1176 3744 1343 3828; x_wconf 81' lang='lat' dir='ltr'>sapientiae</span> <span class='ocrx_word' id='word_1_299' title='bbox 1361 3743 1450 3810; x_wconf 83' lang='lat' dir='ltr'>etiam</span> <span class='ocrx_word' id='word_1_300' title='bbox 1470 3739 1498 3803; x_wconf 89' lang='lat' dir='ltr'>et</span> 
     </span>
     <span class='ocr_line' id='line_1_31' title="bbox 260 3857 1496 3945; baseline -0.009 -18"><span class='ocrx_word' id='word_1_301' title='bbox 260 3861 330 3928; x_wconf 86' lang='lat' dir='ltr'>fidei</span> <span class='ocrx_word' id='word_1_302' title='bbox 347 3863 416 3927; x_wconf 87' lang='lat' dir='ltr'>tuae</span> <span class='ocrx_word' id='word_1_303' title='bbox 431 3861 641 3927; x_wconf 85' lang='lat' dir='ltr'>commendata</span> <span class='ocrx_word' id='word_1_304' title='bbox 657 3863 711 3928; x_wconf 88' lang='lat' dir='ltr'>est.</span> <span class='ocrx_word' id='word_1_305' title='bbox 750 3862 797 3927; x_wconf 85' lang='lat' dir='ltr'>Ad</span> <span class='ocrx_word' id='word_1_306' title='bbox 812 3863 891 3927; x_wconf 87' lang='lat' dir='ltr'>hanc</span> <span class='ocrx_word' id='word_1_307' title='bbox 905 3881 969 3927; x_wconf 90' lang='lat' dir='ltr'>rem</span> <span class='ocrx_word' id='word_1_308' title='bbox 984 3861 1198 3945; x_wconf 87' lang='lat' dir='ltr'>perficiendam</span> <span class='ocrx_word' id='word_1_309' title='bbox 1213 3878 1268 3926; x_wconf 91' lang='lat' dir='ltr'>nos</span> <span class='ocrx_word' id='word_1_310' title='bbox 1284 3859 1387 3926; x_wconf 82' lang='lat' dir='ltr'>omnia</span> <span class='ocrx_word' id='word_1_311' title='bbox 1405 3857 1496 3925; x_wconf 79' lang='lat' dir='ltr'>nostn</span> 
     </span>
     <span class='ocr_line' id='line_1_32' title="bbox 261 3975 1495 4062; baseline -0.006 -18"><span class='ocrx_word' id='word_1_312' title='bbox 261 3978 362 4044; x_wconf 87' lang='grc'><strong>616116</strong></span> <span class='ocrx_word' id='word_1_313' title='bbox 385 3979 475 4062; x_wconf 87' lang='grc'><strong>61666</strong></span> <span class='ocrx_word' id='word_1_314' title='bbox 497 3977 597 4044; x_wconf 83' lang='lat' dir='ltr'>officis</span> <span class='ocrx_word' id='word_1_315' title='bbox 620 3982 697 4043; x_wconf 70' lang='lat' dir='ltr'>senti</span> <span class='ocrx_word' id='word_1_316' title='bbox 714 3979 785 4044; x_wconf 89' lang='grc'><strong>1666</strong></span> <span class='ocrx_word' id='word_1_317' title='bbox 807 3978 975 4054; x_wconf 64' lang='grc'><strong>6116116166</strong></span> <span class='ocrx_word' id='word_1_318' title='bbox 998 3976 1078 4043; x_wconf 90' lang='lat' dir='ltr'>nihil</span> <span class='ocrx_word' id='word_1_319' title='bbox 1095 3976 1271 4055; x_wconf 81' lang='lat' dir='ltr'>recusaturi,</span> <span class='ocrx_word' id='word_1_320' title='bbox 1294 3975 1375 4060; x_wconf 88' lang='lat' dir='ltr'>quod</span> <span class='ocrx_word' id='word_1_321' title='bbox 1396 3975 1433 4039; x_wconf 91' lang='lat' dir='ltr'>nd</span> <span class='ocrx_word' id='word_1_322' title='bbox 1453 3989 1495 4035; x_wconf 91' lang='lat' dir='ltr'>re·</span> 
     </span>
    </p>
   </div>
   <div class='ocr_carea' id='block_1_3' title="bbox 259 4086 1498 4524">
    <p class='ocr_par' dir='ltr' id='par_1_3' title="bbox 259 4086 1498 4524">
     <span class='ocr_line' id='line_1_33' title="bbox 260 4086 1496 4178; baseline -0.005 -20"><span class='ocrx_word' id='word_1_323' title='bbox 260 4093 430 4159; x_wconf 86' lang='lat' dir='ltr'>stituendos</span> <span class='ocrx_word' id='word_1_324' title='bbox 453 4094 517 4159; x_wconf 93' lang='lat' dir='ltr'>Deo</span> <span class='ocrx_word' id='word_1_325' title='bbox 540 4093 731 4160; x_wconf 85' lang='grc'><strong>1161666666</strong></span> <span class='ocrx_word' id='word_1_326' title='bbox 754 4094 918 4178; x_wconf 60' lang='lat' dir='ltr'>pertineam</span> <span class='ocrx_word' id='word_1_327' title='bbox 942 4095 1032 4177; x_wconf 88' lang='grc'><strong>61666</strong></span> <span class='ocrx_word' id='word_1_328' title='bbox 1047 4093 1151 4159; x_wconf 87' lang='lat' dir='ltr'>omnia</span> <span class='ocrx_word' id='word_1_329' title='bbox 1172 4093 1278 4170; x_wconf 86' lang='lat' dir='ltr'>acturi,</span> <span class='ocrx_word' id='word_1_330' title='bbox 1303 4093 1337 4157; x_wconf 91' lang='lat' dir='ltr'>ut</span> <span class='ocrx_word' id='word_1_331' title='bbox 1355 4086 1496 4170; x_wconf 78' lang='lat' dir='ltr'>intelliget</span> 
     </span>
     <span class='ocr_line' id='line_1_34' title="bbox 261 4202 1496 4292; baseline -0.002 -18"><span class='ocrx_word' id='word_1_332' title='bbox 261 4215 356 4274; x_wconf 66' lang='lat' dir='ltr'>ser.tes</span> <span class='ocrx_word' id='word_1_333' title='bbox 379 4210 432 4274; x_wconf 90' lang='lat' dir='ltr'>tua</span> <span class='ocrx_word' id='word_1_334' title='bbox 461 4210 540 4275; x_wconf 87' lang='lat' dir='ltr'>nihil</span> <span class='ocrx_word' id='word_1_335' title='bbox 562 4228 655 4292; x_wconf 88' lang='lat' dir='ltr'>aeque</span> <span class='ocrx_word' id='word_1_336' title='bbox 677 4209 766 4276; x_wconf 88' lang='lat' dir='ltr'>nobis</span> <span class='ocrx_word' id='word_1_337' title='bbox 792 4210 916 4274; x_wconf 86' lang='lat' dir='ltr'>charum</span> <span class='ocrx_word' id='word_1_338' title='bbox 940 4228 975 4274; x_wconf 86' lang='grc'>66</span> <span class='ocrx_word' id='word_1_339' title='bbox 997 4208 1054 4276; x_wconf 94' lang='lat' dir='ltr'>Dei</span> <span class='ocrx_word' id='word_1_340' title='bbox 1076 4209 1236 4286; x_wconf 88' lang='lat' dir='ltr'>honorem,</span> <span class='ocrx_word' id='word_1_341' title='bbox 1267 4207 1347 4273; x_wconf 91' lang='lat' dir='ltr'>nihil</span> <span class='ocrx_word' id='word_1_342' title='bbox 1370 4209 1432 4272; x_wconf 82' lang='lat' dir='ltr'>tum</span> <span class='ocrx_word' id='word_1_343' title='bbox 1453 4202 1496 4265; x_wconf 84' lang='lat' dir='ltr'>iu·</span> 
     </span>
     <span class='ocr_line' id='line_1_35' title="bbox 259 4319 1498 4410; baseline -0.008 -20"><span class='ocrx_word' id='word_1_344' title='bbox 259 4323 400 4400; x_wconf 89' lang='lat' dir='ltr'>cundum,</span> <span class='ocrx_word' id='word_1_345' title='bbox 423 4343 515 4408; x_wconf 88' lang='lat' dir='ltr'>quam</span> <span class='ocrx_word' id='word_1_346' title='bbox 538 4327 623 4390; x_wconf 87' lang='lat' dir='ltr'>tuam</span> <span class='ocrx_word' id='word_1_347' title='bbox 653 4325 836 4410; x_wconf 82' lang='lat' dir='ltr'>dignitatem</span> <span class='ocrx_word' id='word_1_348' title='bbox 865 4326 896 4390; x_wconf 93' lang='lat' dir='ltr'>et</span> <span class='ocrx_word' id='word_1_349' title='bbox 918 4343 985 4391; x_wconf 89' lang='lat' dir='ltr'>esse</span> <span class='ocrx_word' id='word_1_350' title='bbox 1006 4344 1087 4391; x_wconf 90' lang='lat' dir='ltr'>nuuc</span> <span class='ocrx_word' id='word_1_351' title='bbox 1109 4326 1140 4390; x_wconf 89' lang='lat' dir='ltr'>et</span> <span class='ocrx_word' id='word_1_352' title='bbox 1162 4343 1281 4408; x_wconf 87' lang='lat' dir='ltr'>semper</span> <span class='ocrx_word' id='word_1_353' title='bbox 1302 4324 1406 4400; x_wconf 83' lang='lat' dir='ltr'>fuisse,</span> <span class='ocrx_word' id='word_1_354' title='bbox 1427 4319 1498 4384; x_wconf 83' lang='grc'><strong>61661</strong></span> 
     </span>
     <span class='ocr_line' id='line_1_36' title="bbox 262 4439 1498 4524; baseline -0.002 -21"><span class='ocrx_word' id='word_1_355' title='bbox 262 4459 276 4503; x_wconf 87' lang='grc'>6</span> <span class='ocrx_word' id='word_1_356' title='bbox 303 4439 413 4504; x_wconf 89' lang='grc'><strong>1116616</strong></span> <span class='ocrx_word' id='word_1_357' title='bbox 443 4440 506 4508; x_wconf 85' lang='lat' dir='ltr'>filio</span> <span class='ocrx_word' id='word_1_358' title='bbox 528 4439 576 4505; x_wconf 81' lang='grc'>16.</span> <span class='ocrx_word' id='word_1_359' title='bbox 598 4440 731 4506; x_wconf 82' lang='lat' dir='ltr'>Antonio</span> <span class='ocrx_word' id='word_1_360' title='bbox 754 4441 892 4507; x_wconf 91' lang='lat' dir='ltr'>Pulleoni</span> <span class='ocrx_word' id='word_1_361' title='bbox 921 4441 1031 4507; x_wconf 90' lang='lat' dir='ltr'>nuncio</span> <span class='ocrx_word' id='word_1_362' title='bbox 1060 4441 1163 4506; x_wconf 90' lang='lat' dir='ltr'>nostro</span> <span class='ocrx_word' id='word_1_363' title='bbox 1189 4439 1221 4504; x_wconf 91' lang='lat' dir='ltr'>in</span> <span class='ocrx_word' id='word_1_364' title='bbox 1245 4439 1384 4524; x_wconf 85' lang='lat' dir='ltr'>Ungaris</span> <span class='ocrx_word' id='word_1_365' title='bbox 1412 4441 1498 4504; x_wconf 60' lang='lat' dir='ltr'>eortor</span> 
     </span>
    </p>
   </div>
   <div class='ocr_carea' id='block_1_4' title="bbox 0 0 1582 4900">
    <p class='ocr_par' dir='ltr' id='par_1_4' title="bbox 0 0 1582 4900">
     <span class='ocr_line' id='line_1_37' title="bbox 0 0 1582 4900; baseline 0 0"><span class='ocrx_word' id='word_1_366' title='bbox 0 0 1582 4900; x_wconf 95' lang='lat' dir='ltr'> </span> 
     </span>
    </p>
   </div>
  </div>
 </body>
</html>
