3128 4908
546 319 792 390 -1ee-

59 517 156 582 tenties
169 517 254 583 vobis
276 517 397 584 iuvere
419 515 478 583 lide
499 517 622 600 petrum
638 517 808 583 vestrorum
822 515 914 595 natis,
935 516 968 582 et
981 513 1117 582 educatis
1138 515 1293 600 potuerint

58 634 241 716 comprobare.
288 631 375 714 Quod
399 633 427 698 si
448 633 489 712 id,
512 632 592 718 quod
614 633 698 698 Deus
727 631 854 713 evertet,
883 631 917 697 in
938 631 988 696 bis
1011 631 1098 698 novis
1126 633 1158 698 et
1186 631 1292 716 impiis

59 749 193 814 erroribus
215 751 352 833 perstare
373 748 564 832 propositum
586 748 673 814 vobis
695 747 858 827 haberetis,
881 745 1031 832 quomodo
1053 765 1212 832 possemus
1236 767 1292 814 nos

58 883 109 928 non
129 865 223 930 solum
246 883 320 950 erge
341 883 396 931 vos
417 864 465 930 uti
486 863 680 943 liberalitate,
703 861 757 928 sed
778 862 922 947 pecunias
944 863 1034 943 ullas,
1056 862 1150 928 etiam
1173 862 1201 929 si
1222 881 1291 929 me·

58 979 126 1046 rime
145 980 230 1046 vobis
251 980 372 1048 debitee
394 981 505 1058 essent,
527 979 608 1046 inste
630 979 662 1044 et
683 977 732 1062 pie
753 978 945 1063 persolvere?
969 997 1039 1044 oum
1061 977 1171 1044 alienis
1193 997 1212 1044 e
1235 977 1294 1044 fide

59 1099 137 1174 reete,
158 1116 211 1162 neo
233 1115 313 1180 quae
332 1095 469 1181 ipsorum
491 1094 615 1180 quidem
642 1093 743 1177 patrie
764 1095 797 1160 et
818 1093 902 1160 evita
929 1095 1009 1160 bone
1032 1095 1113 1174 sunt,
1142 1093 1207 1160 illis
1229 1094 1294 1160 iure

57 1211 174 1295 relinqui
193 1211 332 1278 debeant.
379 1210 438 1277 Sed
461 1211 564 1278 sivos
586 1209 645 1276 tilii
660 1209 764 1276 dileeti
786 1228 914 1294 quorum
937 1228 1026 1293 saepe
1048 1209 1156 1290 virtus,
1178 1212 1209 1277 et
1223 1209 1295 1276 fidei

57 1323 172 1392 Sanctae
186 1324 304 1392 Christi
324 1327 357 1392 et
377 1325 561 1410 apostolicae
577 1323 665 1392 Sedis
687 1325 748 1391 tuit
761 1325 937 1392 adiumento
959 1325 1080 1392 reiectis
1102 1325 1205 1410 previe
1221 1343 1293 1392 sue·

57 1441 163 1507 sonibus
184 1441 223 1507 ad
245 1443 363 1507 rectum
384 1441 563 1508 institutum
585 1442 704 1507 vestrae
726 1440 913 1507 fortissimae
934 1440 1068 1518 nationis
1094 1440 1128 1506 in
1149 1441 1213 1506 Deo
1237 1439 1295 1507 rite

56 1555 168 1622 ooiendo
195 1558 228 1623 et
249 1555 362 1622 vioario
391 1555 515 1636 Christi
543 1555 659 1641 heuque
689 1553 766 1622 Sede
789 1553 902 1622 Senote
929 1557 1100 1622 venerenda
1121 1557 1295 1623 voluntates

56 1673 162 1738 vestras
184 1692 350 1757 sensusque
381 1671 564 1748 retuleritis,
596 1672 670 1737 tuno
691 1690 753 1738 non
784 1671 873 1738 modo
904 1671 991 1738 vobis
1021 1670 1211 1758 supradictae
1239 1691 1294 1758 pe·

58 1787 154 1854 onniee
184 1787 387 1854 libentissime
417 1787 640 1873 persolventur,
670 1785 723 1854 sed
753 1805 877 1853 suerum
905 1803 1007 1854 rerum
1036 1786 1174 1854 omnium
1203 1787 1296 1856 Sedes

56 1903 208 1986 apostolioe
229 1903 262 1970 et
283 1923 339 1971 nos
360 1903 395 1970 in
417 1903 530 1970 virtute
551 1904 655 1970 vestre
676 1921 772 1988 spem
802 1901 1033 1988 subsidiumque
1060 1922 1150 1970 omne
1179 1903 1296 1970 eonsti-

55 2019 174 2085 tnemus.
211 2016 299 2099 Quod
320 2019 357 2085 ut
378 2018 499 2085 deinde
515 2019 740 2104 oonsnletisque
755 2019 874 2086 vestrae
888 2019 1050 2104 perpetuae
1064 2019 1157 2100 leudi,
1180 2020 1212 2086 et
1229 2019 1297 2105 piae

56 2153 134 2200 verae
154 2135 311 2220 rentaeque
333 2134 475 2220 religioni
498 2134 601 2200 studia
615 2135 717 2202 vestre
739 2132 897 2214 addicatis,
921 2152 939 2200 e
962 2134 1171 2202 devotionibus
1185 2135 1297 2202 vestris

57 2249 248 2335 maximopere
269 2251 304 2317 in
325 2249 458 2318 Domino
484 2249 620 2336 petimus
640 2251 673 2316 et
701 2251 898 2329 obtestamur.
943 2249 1047 2318 etiem
1077 2250 1221 2336 quonium
1243 2271 1296 2319 er·

55 2362 190 2432 bibnistis
203 2386 258 2452 per
272 2367 391 2434 vestras
406 2365 626 2450 responsiones,
648 2366 736 2433 vobis
751 2366 783 2432 et
797 2364 998 2433 ooniederutis
1020 2367 1131 2434 vestris
1146 2367 1298 2434 Helvetiis

56 2499 87 2546 eo
106 2481 252 2550 universis
274 2501 329 2567 per
342 2481 480 2567 publicos
502 2484 620 2548 vestros
634 2481 757 2550 libellos
779 2481 867 2548 datos
889 2499 944 2548 vos
966 2481 1004 2548 de
1026 2500 1125 2549 errore
1146 2483 1225 2550 velle
1246 2483 1297 2551 in·

56 2595 170 2665 formeri
197 2601 289 2684 etque
316 2595 486 2678 emendari,
516 2615 623 2664 sumus
651 2596 752 2681 parati
783 2595 939 2664 bominem
967 2596 1121 2665 eruditum
1141 2597 1176 2665 in
1205 2600 1299 2666 saeris

56 2711 158 2780 litteris
179 2715 306 2799 plenum
328 2713 401 2781 boni
423 2711 550 2798 spiritus
572 2713 606 2780 in
635 2712 768 2798 aliquem
791 2711 878 2779 vobis
906 2711 1110 2798 propinquum
1132 2716 1163 2781 et
1184 2734 1294 2800 oppor-

56 2829 155 2896 tunum
174 2830 276 2897 looum
291 2829 422 2910 mittere,
437 2830 513 2915 pute
527 2826 707 2896 Sebennem
728 2829 783 2894 aut
797 2829 1000 2906 Leusennum,
1023 2847 1152 2913 qnorum
1167 2829 1298 2897 alterum

57 2943 134 3008 vobis
161 2944 371 3030 eligendorum
395 2945 427 3012 et
461 2943 543 3011 diem
576 2943 771 3011 statuentem
802 2941 928 3009 arbitrio
957 2943 1058 3010 vestro
1088 2944 1298 3029 relinquimus,

57 3055 149 3123 sivos
170 3059 211 3125 ad
231 3058 455 3144 respiciendum
483 3059 589 3127 lumen
611 3058 751 3126 veritatis
773 3057 893 3125 enimes
921 3058 1039 3125 vestros
1068 3059 1219 3126 reflectere
1241 3079 1297 3127 vo-

57 3169 174 3255 lueritis,
196 3173 250 3258 qui
264 3174 371 3242 dooeet
386 3193 439 3241 vos
454 3173 548 3240 fidem
562 3175 686 3257 petrum
701 3175 871 3240 vestrorum
885 3191 938 3258 per
965 3191 1058 3258 quem
1074 3174 1174 3241 solum
1197 3175 1299 3242 aditus

58 3287 196 3356 advitam
211 3293 347 3357 eternam
364 3291 420 3369 est,
435 3289 605 3374 impiosque
621 3290 815 3374 suggestores
830 3289 978 3354 falsarum
988 3289 1173 3373 opinionum,
1189 3291 1299 3375 quibus

60 3405 178 3470 erecta
208 3405 320 3471 semite
349 3404 453 3472 fuistis
485 3404 615 3484 deducti,
646 3405 725 3472 veris
755 3403 867 3469 divinis
897 3403 1011 3470 litteris
1032 3407 1153 3471 auotore
1184 3404 1299 3490 Spiritu

61 3513 161 3586 Senoto
182 3521 306 3587 refellet
327 3522 359 3587 et
380 3523 539 3606 ooerguet3
563 3521 596 3586 in
618 3539 678 3604 qne
699 3519 823 3604 quidem
845 3539 877 3585 re
892 3521 924 3585 et
941 3519 975 3585 in
998 3519 1140 3586 omnibus
1162 3522 1302 3588 nostrum

60 3633 159 3700 erdem
180 3636 319 3702 studium
345 3637 462 3702 vestrae
484 3636 516 3702 et
537 3634 706 3719 praesentis
728 3636 760 3702 et
773 3637 934 3719 perpetuae
959 3635 1069 3700 salutis
1091 3636 1230 3720 poteritis
1252 3637 1303 3702 in-

62 3746 197 3834 telligere,
222 3751 387 3817 meatuum
410 3749 516 3817 eodem
535 3749 694 3816 Joeobimo
718 3749 817 3816 soribe
840 3753 940 3816 vestro
964 3751 997 3817 in
1017 3751 1097 3818 bano
1120 3752 1304 3820 sententiam

62 3861 147 3930 luenti
174 3885 289 3946 snmus,
313 3885 402 3951 quem
431 3865 547 3932 hortati
575 3883 682 3931 snmus
704 3867 740 3930 ut
760 3864 793 3931 id
816 3864 855 3930 ud
877 3885 930 3932 vos
953 3867 1159 3950 perscriberet.
1203 3869 1304 3953 Atque

61 3979 133 4061 apud
153 4001 207 4047 nos
230 4001 301 4048 eum
324 3980 505 4061 detinemus,
520 3980 578 4046 bae
594 3980 659 4046 sola
681 3980 719 4046 de
733 3999 825 4047 censa
847 3982 883 4046 ut
904 3999 996 4065 quum
1013 3981 1148 4065 primum
1169 3982 1203 4048 in
1225 3984 1304 4048 hano

61 4095 185 4162 nostram
216 4095 402 4163 sententiam
430 4095 575 4162 veneritis
604 4096 695 4162 etde
725 4095 874 4162 solutione
902 4096 935 4161 et
956 4095 994 4162 de
1023 4096 1145 4162 bomine
1173 4097 1303 4183 legando

61 4206 261 4294 disponamus,
295 4229 365 4276 oum
396 4210 507 4295 quibus
537 4211 637 4277 soribe
665 4214 766 4278 vester
793 4212 841 4277 est
869 4210 985 4277 advos
1014 4211 1167 4278 rediturus
1195 4215 1231 4279 ut
1252 4212 1303 4279 in-

61 4323 199 4410 telligatis
221 4344 241 4392 a
263 4325 352 4392 nobis
381 4325 487 4392 omnie
515 4344 608 4411 quem
636 4327 762 4410 peteme
783 4324 858 4391 fieri.
911 4324 998 4406 Quod
1028 4326 1055 4392 si
1083 4346 1137 4393 vos
1166 4328 1305 4412 preoibus

63 4439 90 4504 o
116 4440 337 4508 hortationibus
365 4441 481 4508 nostris
503 4459 557 4525 pro
579 4443 680 4508 vestre
704 4442 803 4508 salute
825 4442 985 4527 susceptis
1014 4442 1093 4527 qnod
1123 4444 1214 4523 absit,
1244 4464 1305 4511 non

109 4567 204 4612 neuin
217 4568 327 4605 mmor·
340 4567 389 4606 vra.
1102 4552 1144 4619 13
