3152 4902
539 295 784 363 -123-

55 492 81 555 te
109 489 289 574 potissimum
321 490 464 559 eurora
494 509 671 576 cuperemus
694 489 768 567 fieri
799 489 922 574 siquid
945 491 1026 556 esset
1055 488 1134 575 quod
1157 509 1175 556 a
1198 489 1286 558 nobis

54 605 112 689 geri
132 607 180 672 aut
200 607 318 673 maeuii
347 611 482 692 oportere
512 606 669 684 iudicares,
702 624 773 671 nam
797 608 828 671 et
850 625 886 671 ea
915 606 1076 672 uerissima
1105 605 1285 672 haberemus

55 739 121 804 quae
142 723 190 788 abs
213 725 242 789 ts
265 723 379 806 seripta
401 725 504 790 essent
519 725 550 790 et
573 740 633 788 non
648 741 709 788 nou
725 719 900 788 deessemus
927 723 999 804 (sie)
1026 720 1127 787 studio
1142 723 1174 788 st
1196 739 1286 806 opera

55 837 143 902 oum
157 837 288 905 faeieudo
303 856 380 922 qnae
396 838 435 904 ad
450 836 685 905 christianitatis
701 836 792 904 deous
807 839 838 902 et
853 837 891 902 ad
908 837 994 902 itlius
1010 837 1144 904 nationis
1154 838 1286 904 salutem

55 953 226 1034 pertinerent.
273 954 389 1020 Datum
412 954 527 1020 Romae
550 952 598 1020 die
621 953 702 1019 xxiii.
717 952 853 1036 Augusti
874 951 993 1018 mdrru.
1039 953 1127 1019 Anno
1147 951 1284 1020 emunda

128 1131 271 1216 Episcopo
293 1130 471 1198 Tridentino
494 1167 537 1178 -
562 1132 668 1196 Brevis
691 1129 729 1196 ad
752 1131 817 1196 eius
841 1130 960 1196 litteras
984 1131 1147 1214 responsio.
1165 1169 1208 1178 -
1227 1131 1285 1196 Die

53 1247 79 1307 et
99 1263 167 1311 anno
190 1249 224 1312 ut
248 1265 347 1332 supra.
371 1284 415 1294 —

629 1463 700 1530 129.

575 1627 753 1689 SvevtS.

126 1763 236 1830 Diieoti
258 1763 323 1830 tilii.
369 1762 459 1830 Fides
481 1766 512 1830 et
534 1762 679 1832 tortitudo
703 1766 804 1831 vestra
826 1781 901 1849 quae
928 1763 978 1830 his
1001 1763 1190 1849 temporibus
1213 1783 1282 1832 oum

53 1880 151 1945 summi
172 1880 229 1946 Dei
258 1879 370 1946 honore
393 1882 425 1946 ot
447 1877 629 1946 Germaniae
652 1879 747 1948 totius
778 1880 913 1947 utilitate
935 1880 1057 1965 egregie
1086 1881 1197 1948 enituit
1226 1882 1285 1948 etsi

53 1991 170 2060 humana
198 2013 316 2081 quoque
345 1995 608 2062 oommeudatioue
630 1995 798 2062 deuorando
826 1998 883 2074 est
913 1995 1013 2062 mains
1035 1997 1140 2064 temen
1163 1999 1194 2062 st
1216 2017 1285 2082 pre·

52 2110 169 2176 mutius
183 2111 328 2178 habitune
341 2112 390 2177 eet
404 2111 573 2196 praemium
588 2111 670 2196 apud
685 2111 814 2178 eundem
823 2111 923 2177 Deum
938 2111 1054 2196 gloriae
1070 2112 1287 2196 sempiternae:

52 2223 118 2290 nibil
137 2226 218 2308 euim
241 2226 296 2292 itta
318 2225 418 2312 potuit
440 2227 591 2311 expectari
612 2225 811 2312 opportunius
834 2227 913 2293 nihil
936 2227 1191 2311 maguihoeutius.
1216 2227 1287 2294 Nisi

52 2339 123 2408 emm
143 2361 196 2409 roa
218 2341 408 2422 extitissetiu
437 2346 469 2408 et
491 2343 519 2408 ai
540 2361 602 2410 nou
624 2342 721 2409 virtue
751 2344 785 2408 et
812 2341 975 2410 eonsilium
997 2345 1030 2409 et
1058 2343 1139 2410 vires
1170 2345 1287 2410 vestrae

52 2455 230 2524 obstitissent
259 2457 424 2525 murillo
454 2457 601 2526 immams
629 2457 884 2544 impiissimorum
916 2459 1058 2526 heresum
1089 2459 1288 2526 multitudine

52 2568 242 2656 improborum
265 2573 416 2640 mnoimta
438 2591 528 2642 omne
551 2573 752 2642 saeerdotiom
775 2592 897 2643 omnem
912 2573 1106 2642 nobilitatem
1128 2593 1234 2642 omnes
1256 2577 1288 2641 et

53 2686 175 2767 publioas
196 2689 229 2756 at
249 2687 385 2774 privatas
414 2689 590 2776 Quibus,
620 2707 720 2757 mores
749 2690 833 2776 leges
855 2691 931 2772 ima,
953 2689 1128 2758 universam
1151 2689 1288 2776 denique,

55 2799 237 2871 Germaniam
259 2805 338 2872 terro
361 2807 464 2890 strage
487 2805 613 2873 flamma
634 2808 666 2872 et
694 2805 792 2872 ruinis
821 2805 1009 2887 involvisset
1038 2803 1191 2892 istamque
1224 2806 1287 2873 ior·

54 2918 192 2988 desimam
214 2923 247 2988 et
260 2921 487 2989 nobilissimam
509 2921 664 2990 nationem
687 2921 768 3008 apud
782 2941 875 3008 quam
897 2925 969 2990 ante
991 2923 1049 2989 bae
1062 2923 1204 3009 preoipna
1225 2923 1285 2989 bn·

55 3034 199 3102 munos
221 3037 290 3103 iaus
312 3037 344 3104 et
366 3036 532 3104 mtbolioae
554 3037 712 3124 refigionis
741 3037 913 3105 observatio
937 3057 1057 3124 semper
1079 3039 1227 3122 emunt
1250 3039 1289 3106 ad

55 3149 138 3216 unm
158 3152 308 3238 agendam
331 3171 415 3219 more
436 3152 569 3220 ferarum
590 3155 623 3220 et
644 3153 683 3220 ad
705 3171 808 3221 rerum
822 3155 960 3221 omnium
983 3154 1190 3222 oontosionem
1213 3155 1285 3222 ade·

55 3267 146 3347 patet
189 3265 277 3349 Quod
306 3269 387 3336 tanti
415 3268 492 3335 mati
519 3269 687 3354 perieulum
716 3269 765 3336 rel
795 3269 1013 3337 detrimentum
1043 3271 1145 3357 potius
1176 3271 1289 3336 virtuto

57 3385 214 3450 renuite
243 3383 421 3470 propulsum
451 3387 484 3451 et
511 3403 718 3470 eompressum
748 3387 797 3452 eet
818 3387 854 3452 ut
883 3405 1002 3472 sperare
1031 3386 1194 3454 debuemus
1227 3389 1288 3452 luuu

56 3499 138 3582 epm
159 3501 313 3586 aspirante
326 3503 445 3568 caetera
467 3502 506 3568 ad
520 3501 686 3587 pristinum
709 3501 846 3569 ordinem
869 3520 904 3568 ao
926 3502 1018 3568 deone
1034 3503 1123 3569 fenile
1147 3503 1288 3568 reditum.

58 3609 107 3680 Sed
126 3614 156 3683 iu
177 3618 242 3684 tota
265 3617 323 3684 bae
352 3637 384 3683 ro
406 3616 548 3684 mnabile
569 3617 670 3684 risum
700 3621 748 3684 eet
769 3617 858 3684 nobis
881 3617 939 3684 Dei
968 3618 1186 3702 omnipotentia
1216 3637 1288 3683 oon·

57 3729 161 3810 sitium
188 3732 286 3800 voluit
307 3733 361 3800 ille
382 3735 515 3818 pmeatie
543 3733 718 3802 nostrised
746 3731 934 3800 naoundium
965 3735 1142 3819 provocatus
1172 3734 1289 3818 erigere·

58 3863 151 3928 pnes,
173 3867 286 3934 euaqm
309 3849 472 3916 ostentate
493 3869 547 3934 per
569 3849 694 3916 Italiam
717 3849 826 3915 writer
849 3853 879 3915 et
903 3847 1038 3915 Gelliam
1062 3851 1093 3914 et
1109 3848 1289 3932 Hispaniam

58 3963 209 4046 armauit
231 3983 310 4050 quae
332 3965 503 4049 provintiae
518 3966 598 4032 bello
621 3964 704 4032 fame
725 3965 900 4050 pestilentia
917 3964 1094 4048 aliquandiu
1120 3968 1242 4029 verume
1261 3969 1292 4029 et

59 4081 202 4162 popotatse
215 4080 363 4174 ,iuemnt
392 4079 590 4148 Germaniam
613 4101 683 4148 rere
713 4080 862 4146 hereticae
892 4080 1045 4164 impietati
1073 4079 1213 4163 permisit
1244 4080 1290 4144 la-

60 4197 220 4276 terandam3
250 4195 305 4264 sed
327 4215 397 4264 oum
420 4215 575 4283 uunquam
599 4197 796 4263 obliviscetur
827 4194 1051 4262 misericordiae
1080 4213 1148 4259 eum
1180 4193 1293 4259 habeut

61 4327 162 4398 semper
189 4313 292 4382 oleum
320 4312 446 4398 pietatis
476 4333 548 4379 sune
578 4317 717 4397 paratum
742 4312 780 4377 ad
811 4311 994 4376 uredioiuem
1024 4309 1121 4374 nostri
1151 4309 1292 4384 vulneris,

61 4429 220 4506 praevidens
242 4429 360 4496 heresis
375 4432 539 4514 perniciem
564 4449 654 4512 supro
677 4427 779 4494 omnia
796 4429 877 4492 muta
899 4445 965 4492 esso
984 4424 1163 4508 graviorem,
1187 4425 1295 4490 babuit
