3132 4910
571 279 725 354 -303
770 311 815 332 -·

78 472 201 548 molibus
223 475 266 550 sit
288 476 464 551 hominibus
492 479 546 566 qui
573 480 642 566 paci
664 481 695 548 at
717 479 782 548 ooio
805 479 938 562 student
967 497 1124 566 nunquam
1153 476 1314 566 quicquam

80 598 142 664 boni
163 598 388 683 suspicandum.
433 599 495 666 Bes
518 600 623 665 tannen
636 597 843 665 Bononienses
865 616 901 664 aa
924 599 996 664 sunt
1017 597 1189 666 conditione
1210 599 1246 664 ut
1267 599 1317 664 his

79 714 254 798 temporibus
277 733 315 780 ne
330 714 446 799 aliquid
461 713 639 781 detrimenti
659 713 782 798 capiunt
804 713 939 780 maxima
953 711 1125 780 adhibenda
1147 715 1247 782 matio
1267 715 1317 780 sit.

81 829 153 896 Nam
173 831 280 914 quanti
299 831 414 896 reserat
427 829 480 914 qni
502 848 617 915 magna
631 829 734 896 moliri
756 830 852 896 armis
873 829 908 896 in
922 829 1014 894 Italia
1037 828 1119 910 volit,
1141 848 1212 896 eum
1226 829 1318 896 huius

80 945 203 1012 ciuitatis
224 945 374 1042 ditionem
395 945 496 1030 potiri,
519 947 550 1013 et
569 945 775 1030 superioribus
798 947 830 1012 et
852 945 965 1012 nostris
989 945 1176 1030 temporibus
1199 944 1318 1016 abunde

80 1059 168 1126 edocti
189 1081 304 1139 sumne,
327 1061 418 1146 idque
441 1081 467 1128 s.
489 1081 515 1129 v.
539 1061 626 1130 cuins
649 1079 755 1128 omues
778 1060 959 1144 sapientiam
989 1059 1185 1140 admiramur,
1208 1061 1319 1128 melius

80 1195 162 1260 quam
183 1178 272 1244 nobis
295 1179 403 1244 notum
424 1195 491 1244 esse
513 1177 640 1262 oportet
673 1175 761 1243 Hane
782 1178 821 1243 ob
844 1194 908 1243 rem
931 1195 970 1243 ne
984 1175 1083 1242 officio
1105 1176 1210 1243 deesse
1231 1176 1318 1244 vide·

80 1309 171 1358 remur
191 1292 291 1358 eidam
315 1291 550 1377 significandum
580 1311 647 1360 esse
669 1291 811 1358 duximus
838 1291 994 1359 civitatem
1024 1291 1103 1358 hano
1126 1311 1213 1359 suam
1236 1293 1320 1359 nullo

80 1407 178 1487 milita
198 1409 284 1475 nullo
307 1426 425 1493 qnoque
446 1407 578 1494 presidio
592 1409 694 1492 preter
714 1407 856 1492 exiguum
871 1407 1091 1475 ordinariorum
1107 1426 1232 1476 manum
1248 1428 1319 1474 mu-

81 1523 170 1589 nitam
190 1543 266 1602 osae,
288 1523 334 1590 ita
356 1525 392 1589 ut
415 1523 534 1608 siquis
556 1523 684 1591 nocendi
705 1523 794 1591 nobis
824 1523 859 1590 in
880 1523 1018 1590 animum
1046 1523 1202 1590 induceret
1231 1543 1320 1590 suum

80 1637 159 1704 inid
179 1638 312 1723 profecto
334 1639 522 1706 occasionem
551 1638 673 1706 meilem
695 1637 860 1706 admodum
888 1639 921 1705 et
942 1639 1082 1722 paratam
1110 1639 1232 1718 habeat,
1260 1639 1322 1706 nisi

80 1772 172 1821 aar.
186 1774 244 1841 que
266 1755 449 1821 auctoritato
469 1773 523 1839 pre
537 1754 655 1822 eunom
678 1755 769 1840 atque
792 1753 901 1838 opibus
923 1754 1019 1838 pollet
1040 1753 1112 1820 istis
1127 1753 1320 1822 imminenti·

79 1869 133 1934 laus
152 1871 295 1954 perieulis
317 1871 440 1938 obviam
462 1871 557 1937 eatur.
595 1868 735 1936 Petimus
757 1869 860 1954 itaque
882 1868 1080 1936 asanotitate
1096 1889 1122 1936 v.
1139 1872 1230 1955 atquo
1251 1889 1319 1938 om·

79 1983 164 2052 nibus
184 1985 265 2052 votis
288 1986 484 2052 obsecramus
506 1987 542 2052 nt
563 1985 649 2051 nulla
671 2003 757 2052 mora
778 1984 903 2051 eentum
917 1983 1022 2069 gravis
1037 1984 1223 2070 totidemque
1245 1985 1322 2052 laris

79 2102 222 2168 armature
244 2100 364 2185 equites
386 2100 445 2166 huc·
467 2101 606 2168 accedere
628 2100 741 2179 iubeat,
769 2099 823 2185 qui
844 2099 878 2167 in
899 2098 1032 2184 prasidio
1053 2100 1145 2167 huius
1168 2119 1220 2167 sue
1243 2100 1320 2166 eivi-

80 2216 148 2280 tatis
169 2217 335 2283 consistam
357 2215 495 2282 debeant.
541 2215 599 2282 llis
621 2216 704 2282 eninr
727 2215 880 2282 militibus
902 2217 969 2282 tum
992 2215 1087 2282 etiam
1109 2217 1321 2301 qualicumque

80 2333 175 2398 nostra
196 2349 252 2416 ope
275 2331 328 2416 qui
350 2349 404 2415 pro
427 2332 511 2398 statu
534 2351 557 2397 s.
573 2351 601 2398 v.
624 2333 659 2398 nt
680 2343 815 2416 unquam
837 2333 928 2398 antm
950 2332 1062 2398 tuendo
1085 2331 1181 2398 vitam
1203 2350 1321 2417 quoque

79 2447 108 2508 et
128 2447 306 2531 sangninem
329 2445 508 2530 profundere
522 2447 624 2533 parati
637 2466 753 2526 snmus,
777 2447 854 2513 satis
875 2449 908 2513 et
930 2448 1032 2513 nostre
1054 2449 1085 2514 ot
1101 2448 1200 2514 status
1222 2447 1321 2532 ipsius

79 2561 165 2626 saluti
186 2561 320 2646 prospici
341 2581 430 2648 posse
450 2563 603 2648 putamus.
641 2561 734 2628 Cuius
750 2561 961 2646 conpulsus
983 2562 1157 2630 humillime
1171 2566 1321 2648 quantum

79 2693 233 2757 possumus
255 2676 514 2744 commandamus.
559 2678 714 2746 Bononiae
736 2677 785 2744 die
806 2696 872 2744 nv.
897 2678 1038 2746 Octobris
1060 2677 1190 2745 mdxxiv.

475 2793 581 2859 Dov.mi
601 2792 659 2859 lilii
681 2811 716 2858 aa
738 2793 850 2859 lidelmi
871 2801 990 2860 serron·
1013 2791 1231 2879 Quadraginta.

662 3053 737 3120 229.

445 3216 597 3279 Carolus
619 3219 660 3280 v.
682 3216 855 3278 Clementi
876 3218 951 3278 vn.

519 3326 607 3412 (litt
621 3327 716 3412 prinu
734 3327 775 3394 Π.
791 3326 880 3413 323).

560 3443 626 3529 (ar.
643 3441 709 3510 oea
727 3441 837 3528 1524).

163 3601 234 3672 Nisi
255 3602 326 3689 ipsa
347 3621 375 3669 r.
399 3622 422 3670 a
444 3602 533 3670 nobis
555 3602 646 3688 longe
668 3603 780 3670 melius
809 3607 1002 3689 cognosceret
1023 3624 1114 3691 reque
1142 3606 1210 3691 ipsa
1232 3608 1324 3676 toties

79 3718 258 3786 ostendisset
288 3737 381 3804 qnam
410 3737 519 3804 parum
540 3719 574 3785 et
593 3718 776 3803 apostolieae
800 3717 871 3786 Sodi
900 3721 931 3785 et
959 3720 1118 3788 universae
1139 3722 1248 3790 Italiae
1270 3742 1324 3790 er·

79 3835 178 3916 podiat
191 3833 352 3902 Gallorum
375 3834 567 3902 dominatum
581 3833 663 3900 intra
681 3835 764 3919 ipsos
780 3834 889 3902 Italiae
911 3835 988 3902 lines
1004 3836 1162 3917 susdnere,
1184 3837 1323 3921 pluribus

79 3967 145 4018 eum
167 3971 191 4018 n
206 3971 233 4019 n.
248 3952 283 4018 in
304 3951 384 4016 hano
406 3949 590 4018 sententiam
605 3950 706 4016 verbis
728 3969 896 4036 agerenms.
935 3949 1070 4032 Quorum
1092 3951 1215 4036 quidem
1236 3953 1325 4018 tanta

79 4067 239 4150 pervicatia
261 4071 318 4147 ost
341 4068 377 4133 ut
398 4065 524 4134 tametsi
551 4065 642 4132 toties
665 4065 754 4132 iraeti
776 4067 856 4133 nihil
878 4066 980 4151 magis
1002 4067 1142 4151 appetere
1164 4067 1324 4134 rideantur

78 4202 167 4266 qnam
189 4202 266 4250 noro
281 4181 413 4268 quodam
435 4182 535 4248 lurore
550 4201 668 4266 semper
683 4182 716 4248 in
737 4183 825 4248 illam
840 4182 921 4262 ferri
943 4184 1144 4266 occupatoque
1166 4182 1324 4250 Insubriao

79 4298 247 4384 principatu
270 4317 323 4366 cen
347 4317 383 4366 ex
405 4297 564 4364 tutissima
587 4299 618 4363 et
640 4297 774 4367 maxime
796 4299 964 4384 opportuna
986 4317 1054 4364 aree
1077 4299 1211 4364 caeteras
1232 4297 1324 4364 iatius

79 4415 285 4484 nobilissimae
307 4416 339 4482 et
361 4413 475 4502 alioqui
506 4413 721 4500 pacatissimae
743 4414 914 4502 provinciae
936 4415 1038 4501 partes
1067 4432 1222 4482 excurrere
1243 4413 1323 4482 asai-
