3152 4902
603 158 827 223 ..37-

92 349 210 431 patmm
233 351 266 416 ot
287 351 438 418 maiomm
462 371 585 418 suorum
608 352 721 436 pietate
744 353 935 437 aliquantum
959 353 1157 430 deflexemnt3
1180 371 1238 437 quo
1261 353 1340 420 nihil

93 465 173 530 nobis
195 467 322 550 gratim
352 468 470 534 oronim
493 467 600 552 potuit.
646 468 728 534 Nam
758 471 789 534 et
812 470 839 532 ai
862 469 941 552 apud
972 488 1176 552 quoscumque
1198 469 1262 534 Deo
1286 488 1337 534 aa·

92 583 184 646 oratos
207 584 239 648 et
262 603 351 650 vome
374 584 445 649 fidei
469 585 625 668 signaculo
654 585 789 650 munitos
811 585 937 668 populos
967 586 1041 650 haec
1063 585 1148 650 labes
1171 585 1338 668 perniciosa

91 695 233 776 inciderit,
257 700 346 766 nobis
369 700 477 766 incidit
492 701 683 785 permolesta,
706 702 863 785 propterea
879 701 959 785 quod
980 701 1060 766 hanc
1082 719 1186 766 cmnm
1209 702 1240 766 et
1255 701 1336 784 vigi-

91 812 213 880 lantiam
229 817 415 899 pastoralem
431 817 571 882 universo
586 817 673 902 gregi
689 816 854 882 christiano
870 816 1005 882 debitam
1021 815 1217 892 adhibemus3
1233 817 1336 882 amen

89 927 118 992 in
140 930 262 998 natione
285 933 317 998 et
339 933 431 1016 genta
447 932 612 1010 Helvetiae,
634 952 723 1000 omne
739 933 888 999 eiusmodi
903 932 1050 998 damnum
1065 933 1095 998 ot
1110 931 1336 1012 detrinentum,

91 1048 221 1112 nostmm
245 1049 366 1132 propm'e
389 1068 439 1114 cor
454 1051 484 1115 et
505 1049 597 1114 huius
614 1047 742 1115 Sanctae
758 1047 845 1116 Sedis
869 1049 983 1114 viscera
998 1049 1152 1122 vulnerat;
1176 1065 1234 1131 quo
1252 1047 1335 1113 enim

90 1160 137 1226 illa
158 1165 315 1230 amantius
337 1165 371 1230 in
385 1165 472 1231 vobis
487 1165 698 1232 dilectissimis
721 1165 794 1231 tiliis
810 1167 874 1231 suis
890 1165 1062 1250 acquiescit,
1085 1164 1142 1230 hoc
1156 1165 1225 1247 plus
1241 1164 1336 1230 sentit

89 1297 118 1340 en
140 1278 195 1344 hac
218 1279 403 1347 alienatione
432 1281 558 1358 doloris;
589 1301 659 1347 cum
687 1281 867 1365 praesertim
895 1281 1052 1366 intelligat
1073 1299 1108 1347 en
1130 1279 1188 1344 hae
1217 1297 1334 1364 quoque

88 1411 170 1458 causa
193 1413 255 1460 non
270 1395 395 1479 exiguae
418 1417 484 1462 esse
499 1397 578 1462 inter
600 1417 653 1463 vos
668 1397 872 1464 dissensiones
895 1397 1050 1462 excitatas.
1079 1395 1124 1461 Ao
1139 1413 1195 1460 nos
1210 1393 1333 1479 quidem

86 1505 115 1571 in
135 1508 190 1574 hac
205 1511 305 1576 animi
319 1512 461 1577 molestia
475 1531 535 1578 non
551 1532 659 1597 parum
674 1513 744 1580 inde
768 1513 868 1580 solatii
886 1513 1035 1580 sentimus
1057 1511 1136 1596 quod
1151 1529 1212 1577 non
1231 1510 1331 1576 solum

88 1623 212 1690 maxima
234 1645 307 1709 pars
329 1629 463 1692 vestram
485 1628 519 1694 in
541 1631 621 1694 reela
652 1629 710 1694 tide
734 1631 781 1694 est
804 1631 947 1694 constans
970 1627 1116 1712 illamque
1140 1627 1205 1692 Deo
1228 1625 1330 1691 omni-

87 1740 195 1819 potenti
216 1741 372 1807 illibatam
387 1747 559 1818 conservam
583 1744 746 1810 sedetiam
769 1745 848 1828 apud
864 1765 919 1811 uos
943 1745 1005 1810 iam
1028 1763 1089 1809 nou
1106 1742 1201 1808 semel
1215 1741 1332 1806 institit

88 1857 117 1917 ut
137 1857 349 1923 auctoritatem
372 1861 509 1924 nostram
539 1860 682 1926 adhibere
712 1862 859 1926 vellemus
889 1862 979 1943 atque
1002 1859 1158 1926 hominem
1188 1857 1330 1922 idoneum

87 1989 148 2036 cum
170 1972 368 2038 facultatibus
384 1974 514 2052 mittere,
537 1975 589 2059 qui
611 1977 911 2043 nostraauctoritate
934 1979 964 2042 ct
978 1977 1091 2040 ammte
1114 1993 1148 2039 ac
1168 1971 1330 2038 sedulitate

87 2089 178 2151 cestra
208 2089 313 2166 metus,
345 2091 493 2174 corrigere
525 2111 601 2175 quae
633 2093 796 2176 depravata
820 2095 900 2171 sunt
932 2093 1079 2177 etlapsa
1108 2089 1267 2156 restituere
1297 2088 1330 2154 in

85 2201 240 2282 pristinum
278 2206 395 2270 statum
424 2210 541 2289 posset;
581 2208 661 2292 quod
690 2227 742 2274 voa
774 2209 932 2292 praecipua
956 2207 1008 2292 qni
1037 2226 1073 2272 ex
1104 2206 1207 2272 decem
1238 2205 1328 2290 pagis

85 2316 152 2382 estis
172 2337 225 2401 per
249 2320 375 2386 nuncios
398 2323 514 2388 vestros
537 2324 569 2388 et
590 2324 711 2389 litterae
735 2343 753 2388 a
775 2325 864 2390 nobis
895 2323 1076 2407 postulastis
1100 2321 1153 2406 qui
1182 2321 1328 2387 honorem

87 2434 189 2498 summi
211 2435 278 2512 Dei,
302 2436 354 2519 qui
384 2437 515 2502 salutem
545 2438 718 2504 animarum
743 2441 922 2516 vestrarum,
952 2439 1004 2523 qui
1031 2437 1117 2504 Sedis
1142 2435 1325 2521 apostolicae

87 2546 167 2614 decus
189 2570 207 2615 a
229 2571 289 2634 qua
311 2554 357 2618 tot
386 2555 565 2618 omameuta
588 2555 619 2620 et
649 2553 756 2620 decora
779 2554 817 2620 ad
847 2575 900 2621 voe
931 2555 1064 2638 proiecta
1095 2553 1174 2632 sunt,
1205 2553 1325 2617 salvum

87 2651 167 2746 utqcr'e
189 2666 371 2734 inviolatum
396 2669 524 2734 retinere
549 2669 698 2736 voluistis,
745 2669 805 2736 Hic
827 2670 949 2736 annuus
973 2671 1087 2748 vester,
1119 2669 1194 2734 haec
1218 2667 1325 2751 pietas,

87 2775 150 2842 haec
172 2781 328 2865 sapientia,
352 2784 475 2866 siquid
496 2785 569 2850 addi
591 2786 813 2852 amorinostro
836 2803 908 2869 arga
931 2804 983 2851 vos
1006 2785 1114 2869 potuit,
1137 2783 1324 2867 permultum

87 2891 207 2968 addiditz
230 2899 418 2980 praeclamm
440 2902 506 2965 arat
528 2901 616 2966 nobis
640 2903 730 2966 antea
753 2901 806 2984 qui
827 2901 924 2984 patris
947 2903 979 2966 et
1001 2919 1111 2966 nomon
1134 2901 1165 2964 at
1187 2899 1323 2964 montem

88 3005 114 3070 in
135 3029 182 3076 vos
204 3013 340 3096 gerimus
363 3015 441 3080 tales
462 3015 575 3082 habere
598 3016 685 3094 tilios,
716 3016 836 3092 virtute,
860 3015 1008 3082 fidelitate
1031 3015 1209 3081 fortitudine
1232 3032 1320 3098 prae-

88 3125 206 3201 stantem
237 3149 340 3195 varum
363 3129 408 3196 ita
429 3131 524 3196 etiam
548 3131 714 3215 religiosae,
744 3132 789 3197 ita
811 3133 876 3198 Deo
899 3131 1026 3210 deditos,
1055 3132 1102 3196 ita
1124 3129 1322 3196 ecclesiastici

88 3240 205 3306 nominis
227 3245 356 3311 cultores
371 3245 490 3310 habore.
537 3245 629 3311 Cuius
645 3246 768 3313 tandem
784 3249 832 3314 est
847 3249 988 3314 felicitati
1010 3249 1041 3313 et
1056 3244 1319 3330 praeeminentiae,

89 3369 145 3417 vere
165 3357 219 3421 hoc
242 3359 326 3424 vobis
348 3359 479 3425 dicimus
502 3380 571 3426 cum
597 3361 833 3429 innumerabilia
860 3364 956 3430 totius
978 3361 1069 3428 istius
1098 3360 1232 3427 nationis
1256 3360 1320 3426 sint

88 3465 115 3530 in
134 3467 270 3540 Sanctam
293 3473 403 3542 Sedem
426 3475 624 3558 apostolicam
654 3477 772 3556 merita,
801 3496 855 3561 pro
878 3479 988 3563 quibus
1018 3477 1151 3562 gratiam
1180 3475 1267 3542 vobis
1290 3478 1322 3541 at

88 3579 309 3654 bouemlantiem
325 3590 499 3669 debeamus,
521 3590 578 3656 hoo
600 3611 696 3656 unum
712 3595 834 3676 superat
855 3594 1004 3672 universa,
1027 3593 1061 3658 in
1076 3610 1133 3676 quo
1148 3591 1207 3658 Dei
1229 3609 1317 3674 prae-

87 3695 178 3778 u'pnns
198 3701 291 3770 honor
313 3705 369 3784 ast
392 3707 424 3770 et
445 3707 614 3772 vestanam
638 3707 721 3772 salua
744 3709 931 3785 animarum
954 3708 1154 3792 nequeenim
1177 3706 1278 3771 maius
1301 3725 1319 3771 a

90 3813 160 3880 vobis
186 3817 362 3886 beneficium
393 3821 526 3904 accipere
552 3840 724 3904 possumus,
753 3841 845 3906 quam
868 3823 1039 3908 intelligere
1068 3822 1155 3888 vobis
1184 3822 1318 3888 uacuam

89 3929 224 3998 rrearmm
253 3937 383 4004 salutem
406 3955 473 4001 esse
499 3937 597 4014 oordi‚
627 3955 681 4020 pro
711 3956 770 4022 qua
800 3957 854 4004 nos
884 3938 1090 4006 conservanda
1119 3955 1181 4003 non
1209 3955 1317 4019 parum

91 4046 229 4127 sanguinis
250 4053 354 4128 nostri,
371 4051 400 4116 si
421 4069 496 4135 opus
511 4054 601 4131 esset,
616 4072 652 4118 cn
675 4051 776 4120 debito
800 4054 830 4119 et
852 4073 954 4121 amoro
976 4054 1021 4138 pii
1042 4053 1139 4137 patris
1161 4069 1215 4136 pro
1231 4051 1318 4117 vobis

91 4155 296 4232 effunderemus.
341 4167 400 4232 His
422 4185 478 4232 nos
501 4167 538 4234 de
560 4168 661 4233 musis
692 4169 723 4233 et
744 4170 779 4234 ut
801 4169 862 4234 alic
888 4189 1005 4254 quoque
1027 4169 1127 4236 multa
1148 4167 1318 4233 tractentur

92 4273 330 4364 vobiscumque
352 4281 391 4348 ad
412 4301 519 4366 pacem
541 4281 725 4350 emistianae
747 4283 930 4368 reipublicae
945 4283 1165 4370 procurandam
1188 4282 1220 4352 et
1241 4300 1315 4352 con·
