3128 4908
543 279 787 360 ..273-

629 487 703 556 203.

339 608 424 682 nga
446 609 695 670 Helvetiorum
718 607 891 669 Clementi
913 607 988 670 vil.

509 717 596 805 (litt.
612 718 706 802 princ.
721 719 745 784 L
763 715 829 804 20).

528 835 594 922 (29.
613 833 684 901 Jan
702 833 811 922 1524).

133 954 166 1020 Β.
189 953 288 1018 Ριιιι.
334 951 463 1019 Vestrae
495 950 655 1018 sanctitati
676 969 732 1016 noe
755 950 930 1018 humillime
952 953 984 1016 ιι
1006 970 1101 1035 neque
1123 950 1162 1018 ed
1185 951 1290 1017 beato·

61 1089 116 1134 rum
136 1069 244 1153 pedum
272 1068 378 1134 oscula
406 1065 663 1134 recomendamus.
710 1063 910 1133 Sanctissime
931 1068 1026 1151 pater,
1053 1068 1086 1133 in
1108 1067 1167 1133 bac
1189 1068 1293 1132 nostra

60 1186 180 1268 generali
201 1183 435 1268 congregatione
450 1201 468 1248 a
483 1182 575 1248 certis
598 1181 712 1248 uostris
735 1181 868 1248 subditis
883 1185 1054 1268 accepimus
1076 1183 1208 1267 qualiter
1223 1201 1293 1266 pre·

60 1300 146 1366 teritb
160 1301 249 1367 annis
264 1300 321 1366 sub
336 1299 386 1383 pie
400 1299 547 1366 memorie
561 1298 655 1365 leoni
670 1299 769 1372 ¹vestre
784 1299 959 1366 sanctitatis
978 1299 1181 1384 predecessori
1195 1297 1294 1364 eidem

61 1419 87 1481 ιι
105 1415 207 1482 Sancte
231 1414 303 1481 Sedi
325 1415 485 1482 servierint
507 1415 583 1480 bene
605 1416 637 1480 et
658 1414 798 1492 honeste;
830 1415 883 1482 sed
905 1415 1038 1496 undem,
1062 1434 1121 1503 qua
1144 1415 1181 1482 de
1203 1431 1295 1480 causa

61 1532 230 1616 moremus,
246 1530 284 1598 ad
300 1531 433 1615 patriam
449 1532 565 1614 absque
580 1528 670 1615 plena
686 1530 835 1598 solutione
852 1531 1072 1616 stipendiorum
1087 1532 1200 1599 reuersi
1216 1531 1296 1608 sunt,

63 1667 109 1712 nos
116 1649 305 1714 ιιιιιιιιιιιιιι
320 1649 355 1712 ut
364 1663 418 1731 pro
427 1645 505 1729 ipsis
521 1663 594 1730 erge
610 1646 806 1713 sanctitatem
815 1650 949 1714 vestram
965 1667 1022 1732 que
1037 1648 1074 1715 de
1089 1648 1139 1714 bis
1155 1645 1296 1714 omnibus

63 1764 127 1830 banc
147 1765 294 1830 instrata
309 1764 365 1845 est
388 1761 572 1828 intercedere
595 1761 724 1828 velimus
747 1763 783 1827 ut
805 1762 904 1829 adbuc
926 1765 1093 1831 restantem
1116 1762 1298 1833 solutionem

63 1881 190 1964 ιιιιιιιιιιι
218 1879 347 1946 valeant
392 1876 458 1943 Nos
480 1876 585 1960 igitur,
614 1877 785 1960 cogitantes
812 1881 926 1963 quante
948 1880 1072 1966 negotia
1094 1879 1205 1947 Sancte
1228 1877 1299 1946 Sedi

64 2014 95 2060 ec
113 1997 191 2062 Petri
212 1994 351 2062 mvimle
372 1992 526 2060 interdum
558 2012 590 2058 ee
611 1992 776 2060 ostendunt
798 1996 829 2060 et
851 1995 930 2079 quod
959 2015 1015 2062 nos
1038 1996 1169 2082 vestigia
1190 1995 1298 2081 prede·

65 2131 203 2177 caesorum
224 2113 398 2176 nostrornm
420 2107 536 2192 optimc
552 2107 654 2174 animo
676 2109 709 2174 et
729 2110 869 2194 precipue
884 2129 957 2196 erge
980 2115 1118 2180 sancum
1140 2113 1300 2180 ecclesiam

65 2227 220 2292 Romanam
243 2228 278 2291 ιιι
299 2224 398 2291 nostri
428 2223 545 2290 subditi
569 2223 596 2288 si
617 2241 693 2307 opus
716 2223 808 2290 fuerit
830 2225 863 2291 in
884 2226 1015 2311 pristino
1037 2229 1174 2313 ipsorum
1197 2230 1299 2296 animo

65 2345 92 2406 ιι
111 2343 258 2408 voluntate
282 2338 432 2406 serviendi
454 2339 655 2423 perseverent,
683 2339 817 2406 maxime
838 2342 879 2408 ad
900 2342 956 2410 hoe
984 2345 1192 2428 acquievimus
1214 2343 1298 2429 ipso·

66 2477 124 2524 mm
144 2457 347 2542 petitionibus.
393 2452 589 2538 Quapropter,
612 2455 806 2522 sanctissime
828 2459 923 2540 pater,
947 2461 1143 2530 mnatitatem
1165 2464 1299 2529 vestam

67 2573 211 2640 humilima
232 2591 378 2658 rogemus
401 2573 436 2638 ιιι
458 2569 518 2636 visi
540 2571 773 2654 prescriptorum
794 2573 985 2642 subditorum
1007 2577 1099 2644 iustis
1121 2579 1300 2656 rationibus,

68 2687 114 2754 ille
132 2693 195 2756 tum
223 2708 315 2774 agere
336 2689 368 2753 et
395 2703 556 2770 prosumo
584 2684 727 2770 dignetur
749 2689 784 2753 ut
806 2688 844 2756 de
866 2692 996 2758 restanti
1025 2693 1176 2778 stipendio
1198 2694 1247 2779 pie
1270 2695 1301 2760 et

68 2805 185 2886 gratiose
206 2803 424 2889 persolvantur.
470 2799 536 2867 Nos
558 2800 634 2880 ideo,
665 2801 692 2866 ai
720 2821 795 2887 opus
825 2805 917 2872 fuerit
947 2805 1039 2892 (quod
1062 2809 1145 2876 Deus
1168 2809 1299 2896 evertat)

68 2920 166 2986 uostris
184 2918 318 2988 servitiis
339 2919 373 2983 at
395 2917 518 2982 amiliis
539 2915 595 2982 illa
618 2918 725 2984 sancti
742 2937 768 2984 v.
792 2921 823 2986 et
846 2919 955 2990 Sancte
971 2921 1043 2990 Sodi
1057 2925 1185 2992 minime
1207 2925 1300 2993 dene·

69 3035 163 3118 gutum
184 3053 240 3102 nos
254 3035 368 3100 itemm
383 3053 410 3099 v.
427 3052 450 3098 s.
466 3031 513 3098 uti
535 3031 778 3100 obedientissimi
795 3035 853 3102 lilii
868 3037 1030 3106 humilima
1045 3041 1301 3108 recomeudamus.

69 3149 105 3215 lli
117 3152 246 3218 Lucerna
262 3152 293 3216 et
315 3148 450 3234 generali
465 3150 570 3214 nostra
592 3150 825 3234 congregatione
849 3155 905 3220 sub
921 3154 1025 3239 sigillo
1047 3157 1210 3224 eorundem
1231 3175 1300 3222 om-

70 3266 142 3332 nium
162 3269 301 3334 nostum
323 3264 446 3333 nomine
467 3263 618 3348 vigesima
639 3283 719 3330 nona
740 3265 889 3335 Januarii.
934 3271 1024 3339 Anno
1046 3273 1176 3342 mdxxiv.

659 3378 762 3448 Eiusd
786 3401 810 3450 a.
833 3401 861 3450 r.

218 3495 421 3565 Devotissimi
443 3497 474 3562 et
496 3492 739 3562 obedientissimi
761 3497 820 3564 lilii
842 3501 976 3568 oratores
998 3503 1061 3589 lige
1084 3505 1302 3572 Helvetiorum.

643 3731 717 3796 204.

360 3851 445 3924 nga
467 3849 716 3911 Helvetiorum
738 3851 910 3916 Clementi
933 3858 1007 3919 vn.

421 3959 507 4046 (Litt.
522 3959 616 4043 princ.
639 3960 679 4026 ad
693 3959 787 4030 Clam.
802 3965 842 4031 II.
861 3965 947 4051 162).

543 4075 586 4160 (1.
602 4076 688 4144 Febr.
707 4080 816 4166 1524).

147 4200 331 4270 Beatissime
353 4195 440 4281 pater
461 4193 493 4260 et
514 4191 643 4273 domine,
665 4194 787 4264 dominc
809 4199 897 4266 nobis
920 4201 1044 4286 singna
1082 4201 1127 4268 Er
1149 4201 1206 4270 bac
1233 4202 1303 4270 uni-

73 4320 169 4384 uersali
185 4319 267 4386 dieta
282 4314 360 4381 alias
375 4311 496 4378 nostrae
520 4308 558 4376 ad
574 4311 769 4380 sanctitatem
787 4317 919 4383 restem
936 4317 1170 4402 conscripsimus
1185 4319 1305 4386 litteras

73 4450 131 4500 curn
146 4434 311 4519 gratiarum
326 4428 445 4497 actone
460 4423 498 4492 ad
513 4426 752 4510 omnipotentem
767 4430 866 4499 Deum
885 4435 916 4498 et
931 4434 1192 4519 congratulatione
1207 4439 1306 4504 vestre

120 4557 210 4608 epistolia
224 4559 331 4598 cren-na·
346 4560 393 4604 vu.
1105 4545 1145 4612 18
