3152 4902
537 315 781 386 —109-

633 543 684 610 78.

373 712 507 784 Magno
529 709 751 770 cancellario
774 705 947 766 Caesaris.

121 867 239 932 Dilecta
262 866 315 931 lili
353 865 468 948 Magna
491 863 647 948 magnalia
669 879 745 946 quae
768 859 840 925 fecit
855 859 937 923 Deus
960 857 1023 922 iam
1038 857 1078 924 ad
1092 858 1281 925 devotionem

45 987 118 1048 tram
140 983 244 1048 delata
273 981 458 1046 arbitramur
480 981 528 1045 vel
550 977 652 1063 potius
675 977 792 1042 eertum
814 975 979 1050 habemus3
1009 975 1088 1038 certa
1111 974 1144 1039 id
1172 974 1283 1040 aooidit

42 1099 111 1182 quod
131 1118 220 1164 nemo
245 1098 411 1163 arbitratus
435 1097 482 1160 est
503 1114 592 1179 posse
615 1091 742 1170 evenire,
765 1092 883 1155 utnon
906 1089 1005 1154 solum
1028 1109 1078 1154 rer
1102 1091 1280 1173 potentissi-

42 1233 101 1278 mus
121 1233 189 1278 cum
213 1212 347 1279 exercitu
362 1211 495 1276 marimo
517 1209 700 1286 frmderetur‚
724 1205 777 1271 sed
799 1207 955 1288 caperetur
969 1205 1035 1288 ipso
1051 1204 1152 1285 etiam,
1176 1205 1281 1272 virus-

41 1349 89 1412 que
114 1330 146 1395 in
175 1329 316 1395 hostium
345 1327 466 1393 caderet
493 1326 691 1412 potestatem
723 1320 809 1388 ouius
841 1321 945 1385 tantae
974 1322 1005 1385 et
1034 1322 1099 1386 tam
1129 1321 1281 1388 mirabilis

41 1445 168 1511 domnae
183 1445 247 1511 etei
268 1443 400 1510 caesarei
422 1442 513 1507 duces
528 1460 563 1506 ac
585 1439 715 1505 felicitas
729 1437 827 1520 ipsius
843 1433 980 1501 Caesaris
1003 1454 1149 1520 magnum
1172 1455 1282 1503 nomen
1414 1483 1418 1490 -

41 1561 173 1638 otrtinent,
203 1563 312 1626 tamen
334 1559 393 1624 Dei
421 1555 637 1640 omnipotentis
667 1552 830 1619 manifesto
860 1550 970 1617 iudicio
992 1551 1047 1616 hcc
1077 1551 1177 1617 decisa
1200 1557 1281 1634 sunt,

40 1675 83 1758 qui
103 1677 263 1742 ostendere
287 1673 384 1740 voluit
405 1675 436 1739 et
458 1670 585 1738 infestos
615 1669 676 1736 sibi
697 1688 765 1735 osse
786 1667 840 1752 qui
863 1687 982 1751 semper
1004 1667 1120 1734 bellum
1142 1668 1174 1733 et
1195 1688 1281 1735 arma

39 1793 213 1874 appeterent,
245 1793 277 1855 et
299 1808 385 1854 caros
407 1807 534 1873 quorum
565 1786 705 1852 voluntas
736 1787 767 1849 et
796 1782 923 1848 sensilia
946 1782 984 1847 ad
1015 1801 1121 1866 paoem
1151 1783 1282 1851 fuissent

38 1907 172 1987 proniora.
221 1904 289 1971 Nos
311 1903 434 1990 quidem
449 1903 509 1969 etsi
530 1902 592 1967 alia
606 1901 656 1966 via
679 1900 876 1985 sperabamus
895 1898 1034 1982 componi
1056 1917 1145 1982 posse
1159 1915 1281 1984 pacem3

37 2030 115 2104 atque
137 2022 206 2087 ideo
231 2020 271 2086 ad
293 2023 434 2086 neutram
455 2019 574 2102 partem
589 2014 804 2084 inclinavimus
827 2014 863 2078 ut
883 2013 967 2096 pacis
986 2013 1134 2080 hortatrix
1158 2017 1189 2080 et
1211 2035 1278 2082 mo·

38 2137 117 2200 ultrix
139 2156 197 2202 ror
220 2137 327 2202 nostra
349 2136 419 2218 plus
441 2133 566 2199 baberet
588 2130 786 2208 auctoritatis,
809 2129 843 2194 in
865 2147 925 2212 qua
947 2130 1049 2195 mente
1072 2131 1104 2196 et
1126 2131 1278 2196 sententia

37 2254 165 2334 perpetuo
189 2251 345 2317 mansisse
367 2269 437 2329 nos,
466 2265 651 2333 quamquam
673 2245 782 2333 multis
805 2246 873 2309 acta
895 2247 1000 2311 nostra
1022 2245 1281 2313 calumniantibus

37 2383 130 2432 sumus
152 2370 184 2433 et
208 2367 309 2433 exitus
339 2385 441 2432 rerum
462 2365 528 2448 ipse
558 2363 699 2441 declarat
722 2363 827 2427 minen
849 2360 1008 2442 laetamur,
1032 2361 1059 2426 si
1083 2361 1198 2428 bellum
1221 2363 1281 2428 brit

37 2501 87 2547 non
107 2482 329 2567 compositione
351 2481 404 2547 sed
418 2480 545 2545 victoria
559 2477 794 2556 terminandum
818 2495 865 2542 res
880 2476 925 2542 ita
947 2477 982 2542 ut
1004 2477 1177 2544 assiderunt
1199 2478 1280 2546 acci·

36 2595 119 2676 disse;
142 2618 219 2664 nam
242 2617 312 2664 cum
327 2615 413 2662 amor
427 2597 530 2662 noster
544 2595 706 2678 perpetuus
728 2611 801 2676 erga
817 2608 934 2658 aer.erun
955 2591 1113 2658 Caesarem
1136 2595 1203 2660 turn
1225 2594 1281 2662 illa

37 2713 146 2798 egregia
169 2712 276 2798 opinio
305 2731 397 2797 quarn
421 2711 458 2778 de
481 2711 546 2777 eius
568 2709 653 2776 omni
682 2727 804 2774 summa
833 2707 946 2774 virbrte
968 2708 1001 2774 ot
1022 2708 1172 2775 modestia
1194 2712 1226 2776 et
1247 2711 1281 2776 in

37 2826 126 2908 ipsum
148 2829 255 2894 Deum
276 2827 424 2912 religione
452 2827 610 2904 babemus,
640 2843 759 2908 semper
780 2822 868 2888 nobis
896 2823 1063 2906 optabilem
1092 2824 1165 2890 fecit
1194 2825 1279 2893 illins

37 2944 262 3026 amplitudinem
285 2962 320 3007 ac
342 2943 541 3028 dignitatem
562 2957 655 3024 quarn
669 2940 735 3004 tam
756 2936 872 3003 illustri
887 2938 1013 3004 victoria
1035 2941 1158 3006 auctam
1173 2941 1204 3006 et
1220 2941 1280 3024 ipsi

38 3075 80 3136 per
98 3058 222 3123 litteras
244 3058 394 3142 gratulati
417 3076 523 3124 snmus
546 3057 577 3122 ct
599 3053 753 3121 devotioni
774 3072 892 3138 quoque
914 3056 966 3120 tue
988 3073 1024 3120 ex
1046 3055 1148 3120 animo
1171 3059 1279 3139 gratu-

36 3171 128 3239 lamur.
175 3172 266 3253 Quod
288 3174 345 3239 hoc
368 3172 493 3238 liberius
516 3174 547 3237 et
577 3169 744 3236 secundum
766 3168 866 3236 Deum
895 3170 996 3254 magis
1028 3189 1117 3254 agere
1140 3191 1196 3236 nos
1218 3191 1279 3237 non

36 3285 211 3368 dubitamus,
234 3288 314 3373 quod
337 3291 417 3354 certa
439 3286 620 3354 confidimus
636 3284 774 3350 Caesarie
797 3283 895 3368 ipsius
918 3285 1066 3368 optimam
1089 3287 1120 3351 et
1143 3286 1279 3352 iustissi-

38 3421 108 3470 mam
129 3407 269 3471 mentem
291 3405 331 3470 ad
357 3402 601 3490 tranquillantes
624 3401 733 3466 ltaliae
757 3399 894 3466 studium
916 3403 947 3466 et
969 3400 1154 3468 christianae
1176 3403 1278 3486 reipu-

37 3516 120 3586 blicae
141 3519 290 3586 adversus
314 3519 377 3585 vim
399 3522 430 3585 et
448 3537 535 3586 arma
556 3517 727 3584 infidelium
746 3515 975 3582 constituendae
997 3535 1033 3582 aa
1055 3518 1280 3584 confirmandae

37 3653 128 3700 curam
156 3637 332 3719 promptam
355 3637 386 3702 et
413 3635 553 3718 paratam
581 3632 659 3710 fore,
688 3650 747 3716 quo
776 3631 908 3698 maxime
937 3632 1026 3698 modo
1049 3637 1080 3698 et
1109 3621 1279 3718 presentem

38 3749 183 3816 uictoriam
206 3753 384 3834 perpetuam
413 3749 556 3818 retinebit
578 3751 610 3814 et
631 3749 721 3832 longe
745 3748 891 3812 maiorem
919 3747 1056 3813 iustitiae
1079 3767 1115 3814 ac
1138 3749 1278 3814 modera-

37 3864 117 3931 tionis
137 3867 271 3951 gloriam
293 3867 468 3949 assequatur
485 3883 578 3948 quam
601 3864 726 3930 bellicae
748 3863 906 3929 felicitatis
929 3863 1021 3928 fuerit
1044 3866 1209 3929 assecutus.
1243 3865 1279 3930 Iu

39 3977 86 4044 hoc
106 3985 209 4046 autem
231 3981 330 4046 officio
353 3999 388 4045 ac
403 3981 530 4046 oonsilio
553 3982 588 4045 ut
609 3997 686 4063 quae
701 3978 842 4063 deinceps
864 3979 996 4063 gerenda
1020 3983 1092 4045 sunt
1114 3983 1282 4063 temperate

40 4095 249 4180 pnrdonterqne
272 4098 427 4180 gerontam,
449 4097 541 4180 atque
555 4095 631 4160 baec
645 4094 771 4160 victoria
790 4095 933 4160 omnibns
956 4095 1051 4160 saluti
1072 4097 1103 4159 et
1125 4094 1282 4159 commodo

41 4209 124 4288 rodat,
146 4215 196 4276 est
217 4213 288 4276 tuae
310 4229 428 4295 quoque
449 4209 641 4277 auctoritatis
670 4211 772 4293 partos
796 4179 869 4274 suas
893 4229 969 4294 quas
991 4210 1159 4295 plurimum
1182 4209 1282 4276 valere

41 4325 141 4391 mimus
163 4325 245 4410 apud
267 4323 426 4392 Caesarem
454 4327 659 4409 interponere,
683 4325 793 4410 bioquo
815 4325 947 4392 marimo
968 4325 1125 4393 ostendere
1147 4327 1179 4391 et
1206 4345 1280 4410 pru-

41 4437 163 4508 dentiam
186 4445 274 4508 tuam
296 4443 328 4506 et
342 4459 410 4506 eam
433 4460 525 4526 quam
548 4440 636 4506 nobis
659 4459 748 4525 saepe
763 4439 926 4507 ostendisti
947 4442 1095 4528 optimam
1118 4441 1150 4506 in
1173 4461 1229 4508 nos
1251 4444 1283 4508 et
