3152 4902
567 265 789 334 ...97-

80 467 175 551 reoapta
188 463 317 534 celerim
330 462 504 530 valetudine
518 462 557 528 ad
572 463 817 530 exercitationem
839 463 909 530 tuae
924 462 1053 531 eximiae
1066 463 1190 532 vhtutis
1204 465 1306 551 possis

79 582 180 658 everti3
202 580 328 666 proinde
350 579 378 645 ei
399 598 455 646 uos
477 597 564 644 amus
586 580 787 664 observasqne
808 579 839 645 et
862 578 889 644 si
911 581 941 644 te
964 598 983 645 a
1004 579 1092 646 nobie
1115 581 1213 648 amari
1236 583 1305 662 scis,

80 716 172 764 nomm
195 697 254 762 hac
267 697 302 762 in
316 716 348 762 re
371 695 459 762 nobis
481 713 585 780 gerere
600 713 660 760 non
681 696 854 779 postpones,
878 695 912 760 ut
927 691 1154 780 qnamprhnum
1168 698 1200 764 et
1214 717 1307 782 quam

80 814 188 879 nonme
212 813 315 878 sedate
344 811 534 878 Placentiam
556 812 587 876 te
608 809 763 877 conferens
792 809 872 876 inter
894 812 1015 876 tuorum
1039 830 1148 878 manns
1170 832 1306 880 commo-

80 928 143 994 diore
155 929 272 995 ratione
287 927 474 992 medelarum
490 925 589 1011 possis
604 925 666 1000 uti;
688 926 746 992 hoc
760 925 848 992 nobis
872 925 968 992 lacere
984 928 1102 1011 gratius
1117 929 1197 996 nihil
1211 933 1307 1014 potes.

81 1045 155 1127 Super
175 1043 286 1129 quibus
309 1042 408 1109 eidem
429 1041 477 1107 Jo.
500 1041 661 1106 Francisco
684 1040 775 1107 fidem
798 1041 932 1107 habebis.
980 1043 1095 1110 Datum
1118 1045 1233 1112 Romae
1251 1047 1306 1112 eto.

81 1159 143 1224 rriii.
163 1159 321 1226 Februarii
343 1157 462 1224 mdrxv.
507 1157 596 1222 Anno
620 1155 757 1222 secundo.

662 1417 714 1484 67.

485 1582 664 1643 Cardlnall
688 1582 894 1658 Campeglo.

151 1739 268 1806 Dilecto
290 1737 336 1803 lili
365 1739 467 1804 noster
495 1739 551 1803 etc.
597 1735 674 1803 Cum
703 1737 736 1803 in
765 1757 858 1823 regno
881 1739 941 1804 iste
964 1737 1118 1824 Ungariae
1147 1745 1250 1811 noster
1279 1749 1311 1812 et

78 1853 150 1920 Sedis
172 1833 364 1940 Apostolicae
387 1852 424 1918 de
446 1853 540 1928 latere
563 1853 683 1938 legatus
706 1873 786 1920 nunc
806 1855 939 1921 existens
962 1859 1135 1924 nostrarum
1159 1859 1309 1927 solhcitu·

78 1970 169 2038 diuum
189 1991 225 2037 ac
247 1971 395 2050 laborum,
418 1987 493 2054 quos
516 1987 570 2052 pro
593 1969 692 2034 salute
721 1969 845 2035 illarum
868 1971 955 2037 nobis
979 1973 1230 2042 charissimorum
1253 1997 1309 2042 na·

77 2087 179 2153 tionum
201 2085 386 2170 suscipimus
410 2085 453 2150 sis
476 2085 636 2168 particeps,
659 2104 694 2150 ac
717 2105 840 2168 presens
862 2086 951 2155 facila
967 2087 1067 2155 ridere
1090 2091 1122 2157 et
1143 2091 1312 2160 discemus

79 2205 163 2284 possis
191 2221 269 2289 quae
301 2201 366 2266 sint
393 2199 432 2266 ad
461 2199 549 2284 regni
578 2201 722 2267 aduersus
751 2202 864 2268 linces
894 2203 1100 2272 defensionem
1128 2210 1315 2287 necessaria3

79 2317 164 2402 sitque
185 2317 346 2404 expediens
368 2318 400 2382 et
421 2317 624 2401 opportunum
653 2318 767 2383 multos
790 2320 821 2384 et
850 2317 938 2384 donis
968 2320 1178 2404 spiritualibus
1201 2326 1233 2391 et
1254 2326 1313 2391 ali·

79 2453 192 2517 quarum
206 2435 303 2502 etiarn
318 2432 499 2498 facultatum
522 2431 679 2499 commodo
694 2432 734 2499 ed
748 2433 939 2500 alacritatem
955 2437 1099 2504 tutandae
1114 2437 1185 2506 fidei
1201 2439 1317 2507 Christi

80 2551 105 2614 et
129 2550 321 2635 vigilantiam
350 2547 500 2626 animare,
530 2547 793 2631 circumspectioni
821 2551 906 2628 tuae,
936 2549 973 2617 de
994 2552 1080 2619 cuius
1103 2554 1263 2638 prudentia
1285 2559 1317 2624 et

80 2665 243 2750 integritate
265 2665 299 2729 in
321 2664 410 2730 rebus
433 2663 575 2728 omnibns
598 2681 753 2730 summam
782 2663 875 2730 fidem
904 2667 935 2730 et
957 2665 1130 2750 opinionem
1158 2669 1316 2750 habemns,

80 2782 234 2866 atquibus
257 2779 317 2846 tibi
339 2779 441 2844 visum
463 2777 555 2845 fuerit
577 2777 715 2862 expedire
744 2779 901 2846 licentiam
924 2781 955 2846 et
984 2782 1161 2850 facultatem
1190 2787 1317 2869 prebeas

81 2897 137 2963 sine
156 2898 257 2983 aliquo
280 2913 375 2980 penae
397 2896 450 2960 ant
473 2913 668 2961 censurarum
683 2894 806 2961 incursu
829 2895 931 2979 aliqua
954 2915 1024 2963 cum
1045 2898 1186 2966 hostibus
1201 2900 1318 2970 Christi

80 3012 250 3080 commercia
271 3010 404 3077 habendi
427 3011 458 3074 et
480 3027 587 3094 parvos
603 3009 753 3094 gladiolos
775 3011 829 3076 aut
851 3011 944 3077 etiam
960 3013 1034 3079 salis
1050 3033 1204 3083 summam
1218 3037 1316 3102 quun·

81 3127 139 3194 turn
159 3127 218 3194 tibi
240 3130 294 3193 aut
316 3126 361 3192 eis
376 3125 529 3191 ridebitur
550 3125 614 3191 illis
629 3126 779 3193 vendendi
800 3127 929 3211 aliisque
951 3147 989 3195 ne
1004 3129 1086 3196 idem
1108 3135 1203 3216 agant
1225 3135 1319 3200 etiam

83 3244 131 3308 sub
153 3241 440 3310 excomunicationis
462 3259 559 3325 poena
581 3241 768 3325 prohibendi,
797 3262 852 3308 nec
874 3263 935 3308 non
957 3243 996 3308 iis
1019 3244 1072 3329 qni
1093 3246 1126 3312 in
1147 3249 1243 3332 prelio
1265 3269 1319 3335 pro

82 3358 182 3426 honore
205 3358 321 3424 Christi
350 3359 381 3424 et
403 3357 552 3423 catholica
580 3357 640 3423 tide
668 3359 773 3425 contra
801 3358 939 3424 infideles
969 3359 1130 3430 militando
1153 3365 1320 3432 morientur

83 3474 207 3540 omnium
232 3492 356 3539 suorum
385 3474 576 3556 peccatorum
605 3473 774 3557 plenariam
796 3473 1020 3558 indulgentiam
1049 3478 1080 3541 et
1109 3479 1320 3547 remissionem

83 3589 282 3674 consequendi
303 3587 479 3673 lapidesque
493 3589 524 3654 el
546 3589 683 3654 cementa
706 3607 741 3654 ac
757 3589 918 3654 materiam
939 3590 1134 3658 ecclesiarum
1150 3591 1321 3662 dirutarum

84 3703 110 3768 in
130 3705 297 3771 confinibus
311 3703 491 3784 infidelium,
513 3721 642 3788 quarum
660 3704 895 3787 reparandarum
912 3725 979 3788 spes
996 3707 1080 3772 nulla
1103 3709 1158 3787 est,
1181 3709 1214 3775 in
1236 3711 1321 3776 aedi-

85 3819 246 3885 ficationem
262 3822 293 3884 et
306 3819 560 3886 constmctionem
578 3819 731 3885 moenium
747 3821 777 3885 et
793 3820 908 3886 arcium
923 3840 958 3886 ac
973 3823 1194 3904 reparationem
1218 3827 1321 3892 muni-

86 3937 247 4001 mentorum
271 3954 323 4016 pro
345 3934 581 4002 christianorum
603 3935 700 4000 tutela
722 3935 922 4014 convertendi,
946 3938 1061 4022 gratias
1077 3958 1194 4023 quoquo
1216 3942 1247 4006 ot
1269 3941 1320 4008 in·

87 4047 252 4135 dulgentias
282 4050 439 4134 quibusvis
463 4069 481 4114 a
504 4048 581 4117 Sede
603 4051 769 4133 apostohca
799 4069 956 4118 concessas
981 4053 1009 4118 si
1030 4053 1108 4119 sorte
1131 4073 1183 4138 per
1206 4055 1324 4122 bullam

87 4169 212 4232 rosham
227 4166 365 4232 moderni
386 4166 492 4233 iubilei
506 4169 661 4234 revocatae
684 4167 794 4233 sintin
816 4167 980 4252 pristinum
998 4169 1113 4236 statum
1136 4171 1167 4236 et
1189 4172 1324 4256 vigorem

88 4282 267 4361 restituendi,
294 4285 430 4349 autnon
458 4301 525 4350 esse
547 4301 602 4348 nec
631 4283 725 4348 hrisse
754 4285 909 4350 mrocetas
932 4283 1113 4364 declarandi,
1142 4285 1324 4372 fructusque

90 4399 184 4466 asnis
206 4398 343 4466 ecclesiis
373 4399 405 4466 at
426 4397 580 4465 beneficiis
609 4399 782 4465 absentium
804 4399 838 4466 in
861 4399 984 4465 civitate
1007 4401 1038 4465 et
1060 4398 1172 4466 diocesi
1193 4398 1327 4484 Colonn,

136 4524 233 4572 unctu
248 4525 353 4560 ermac-
368 4526 415 4566 ππ.
1147 4511 1164 4576 7
