3258 4904
783 297 937 364 -416
981 331 1027 344 -

279 485 370 570 atque
398 485 432 552 in
460 487 593 553 extremo
621 490 759 555 examine
787 490 925 558 districte
952 492 1063 559 ultioni
1092 493 1248 560 subiaceat
1277 494 1386 560 6611116
1412 497 1498 560 antem

277 600 376 667 eidem
399 603 543 669 ecelesiae
571 605 655 670 iuxta
685 607 876 672 servantibus
899 607 942 673 sit
962 629 1019 692 pan
1042 609 1168 676 Domini
1190 611 1289 677 nostri
1309 608 1379 676 Jesu
1400 609 1497 675 Christi

277 721 440 801 quatenus;
462 721 493 784 61
515 721 566 787 hie
587 720 720 786 fructum
742 723 838 790 bonae
855 724 983 790 aetionis
1004 725 1181 809 percipient,
1203 729 1235 791 et
1249 726 1328 809 apud
1349 725 1498 792 distriotm

278 833 410 901 iudicem
432 835 549 918 premia
570 837 710 904 aeternae
732 839 816 922 pacis
837 839 995 905 inveniant
1016 859 1113 906 amen

367 949 522 1035 Scriptum
540 970 594 1036 per
615 972 742 1020 manum
756 955 882 1020 Buverii
904 956 1056 1022 scriniarii
1078 957 1250 1041 regionarii,
1273 961 1305 1024 et
1318 958 1421 1024 notarii
1437 957 1501 1022 amri

278 1071 397 1155 palatii;
419 1071 526 1137 datum
540 1071 683 1137 laterani
703 1091 758 1155 per
780 1089 906 1137 manum
921 1071 1085 1157 Grisogoni
1107 1074 1229 1139 sanctae
1251 1075 1401 1140 Romanae
1420 1073 1500 1139 66616-

277 1188 340 1253 siae
370 1188 489 1254 diaconi
519 1187 683 1254 cardinalis
712 1207 748 1254 ee
776 1187 999 1254 bibliothecarii
1022 1188 1073 1254 rii
1095 1189 1164 1254 idus
1191 1189 1333 1254 Januarii
1360 1187 1501 1254 indictione

277 1305 336 1370 xiv.
360 1305 578 1372 incarnationis
599 1304 770 1370 dominicae
784 1323 864 1370 auno
886 1305 1051 1371 millesimo
1073 1307 1240 1372 centesimo
1256 1304 1402 1389 vigesimo
1421 1303 1501 1388 prino

275 1421 471 1505 pontificatus
494 1424 598 1489 611611
620 1420 649 1487 d
672 1419 783 1486 Calinti
806 1420 929 1488 secundi
951 1439 1048 1506 papae
1070 1440 1149 1488 anno
1172 1420 1311 1488 seeundo.

364 1654 566 1740 Privilegium
589 1653 706 1720 Gelasii
728 1673 822 1738 papae
845 1673 935 1738 super
957 1653 1070 1720 eodem

363 1767 507 1837 Gelenius
539 1771 697 1855 episeopus
722 1790 827 1837 servus
852 1789 1006 1838 serrorum
1035 1770 1108 1848 Dei,
1140 1769 1320 1836 charissimo
1344 1770 1376 1836 in
1401 1768 1502 1836 meso

274 1886 362 1952 fratri
375 1885 532 1953 Gualterio
547 1888 773 1954 Ravennatensi
788 1887 1011 1970 archiepiscopo
1027 1886 1157 1952 6611116111
1172 1886 1203 1951 61
1218 1886 1412 1970 apostolicam
1425 1887 1502 1950 bene-
1600 1887 1601 1964 3

273 2001 444 2069 dictionem.
467 2003 591 2070 Unitati
606 2003 727 2070 divinae
741 2003 903 2068 Trinitatis
917 2003 1035 2086 gratiae
1053 2000 1188 2086 agendae
1208 2004 1281 2067 sunt
1295 2021 1370 2085 quae
1384 2021 1432 2085 per
1444 2018 1503 2065 suae

274 2119 433 2184 charitatis
457 2119 600 2202 spiritum
622 2119 722 2185 1111166
744 2119 903 2203 coniungit
917 2121 949 2184 et
966 2118 1081 2184 multas
1104 2121 1185 2182 1166
1200 2119 1320 2182 animas
1343 2115 1502 2182 uuamlacit

273 2235 450 2310 ecclesiam
475 2234 626 2318 siquidem
648 2235 835 2301 Ravennatis
849 2253 903 2319 per
918 2234 1017 2300 multa
1039 2235 1102 2298 iem
1120 2233 1257 2317 tempora
1279 2233 1319 2298 ab
1341 2232 1503 2316 apostolicae

273 2348 361 2415 Sedis
383 2351 501 2417 unitate
524 2350 653 2416 11661666
675 2351 789 2416 multas
812 2350 910 2416 eidem
927 2349 997 2416 Sodi
1019 2348 1203 2432 apostolieae
1225 2349 1440 2432 persecutiones
1460 2348 1502 2411 in·

272 2466 354 2546 tulit,
377 2468 408 2532 et
431 2467 568 2533 ecelesiis
590 2467 698 2532 multis
719 2468 854 2550 perversi
884 2466 1039 2532 scismatis
1062 2464 1202 2532 fomitem
1224 2464 1417 2542 ministravit
1437 2481 1502 2547 qua-

271 2582 392 2666 propter
422 2581 462 2647 ad
483 2581 549 2648 eius
577 2583 746 2666 nequitiam
777 2581 1005 2666 deprimendam
1035 2581 1239 2647 subiectemm
1268 2580 1298 2646 61
1327 2579 1502 2646 ecelesiarum

271 2696 419 2782 quasdam
447 2697 507 2763 sibi
537 2697 702 2782 apostolica
732 2697 818 2764 sedes
841 2699 1018 2781 assumpsit
1046 2699 1081 2762 ut
1103 2697 1152 2763 rel
1175 2696 1219 2762 sio
1240 2715 1310 2761 eam
1332 2695 1371 2760 ad
1390 2693 1502 2760 humili·

271 2812 345 2878 tatis
368 2814 399 2877 61
421 2813 550 2879 unitatis
566 2813 723 2879 tramitem
745 2815 906 2894 revocaret,
930 2813 982 2879 sed
997 2832 1067 2879 enm
1082 2812 1206 2879 tandem
1229 2811 1351 2877 diuinae
1366 2807 1503 2876 maiestati

271 2926 346 2992 bene
361 2927 509 3010 placitum
525 2928 592 3006 1111
607 2929 746 2994 eamdem
755 2930 1019 2996 Ravenuetensem
1034 2925 1429 2995 ecelesiammisericordiae
1443 2941 1503 2988 suae

269 3043 386 3126 gratiae
415 3043 454 3108 ad
483 3043 634 3110 unitatem
662 3045 694 3109 et
722 3044 927 3110 obedientiam
960 3045 1068 3109 matris
1098 3062 1169 3108 suae
1191 3043 1348 3108 Romanae
1376 3040 1503 3106 ecclesiae

269 3160 429 3238 revocavit
451 3159 647 3244 iniquitatem
668 3179 800 3244 namque
830 3179 916 3226 suam
940 3159 1025 3224 illius
1048 3159 1106 3224 filii
1128 3158 1376 3242 recognoscentes
1405 3155 1502 3221 delicta

267 3275 390 3356 patrum
405 3275 553 3358 corrigere
568 3276 770 3358 probavenmt
785 3275 820 3340 ut
834 3275 887 3360 qui
900 3275 1054 3358 preteritis
1069 3275 1256 3357 temporibus
1271 3293 1325 3356 per
1334 3269 1502 3337 tirannidem

269 3389 383 3473 regiam
408 3390 544 3473 presules
573 3390 696 3475 regibus
718 3392 871 3473 placentes
895 3390 1083 3474 accipiebant
1105 3408 1186 3455 nune
1206 3388 1331 3454 demum
1355 3387 1504 3453 secumdum

268 3505 428 3571 canonicas
458 3505 628 3572 sanctiones
651 3506 827 3590 episcopum
850 3508 913 3573 Deo
945 3507 1114 3590 placentem
1144 3505 1300 3588 eligerent
1330 3504 1361 3569 61
1392 3501 1505 3568 scimate

268 3619 407 3686 abdicato
430 3620 463 3686 in
485 3621 651 3688 catholicae
675 3622 919 3706 congregationis
942 3621 1094 3705 gremium
1109 3619 1295 3703 repedarent
1319 3620 1349 3684 te
1369 3615 1504 3702 siquiden

269 3735 486 3802 revendissime
508 3737 601 3803 irater
616 3735 768 3804 Gualterii
791 3756 809 3802 6
831 3736 994 3820 disciplina
1017 3737 1147 3802 lratnnm
1168 3735 1356 3820 regularium
1373 3734 1506 3798 uiolenter

267 3853 460 3934 assumptum
483 3870 537 3935 pro
552 3852 710 3938 religionis
725 3871 761 3919 ae
784 3853 950 3937 sapientiae
964 3851 1158 3936 prerogativa
1179 3852 1213 3916 in
1234 3850 1317 3915 beati
1331 3847 1505 3933 Apollinaris

267 3965 442 4032 cathedram
466 3969 587 4034 comuni
610 3969 680 4034 voto
703 3987 738 4033 ae
760 3967 909 4034 desiderio
932 3967 1097 4051 posuerunt
1119 3966 1206 4031 etin
1228 3960 1503 4048 apostolicaesedis

266 4079 472 4148 obedientiam
494 4083 680 4149 unanimiter
702 4083 891 4167 redegerunt,
913 4083 993 4148 unde
1016 4099 1071 4147 nos
1090 4080 1210 4146 divinae
1232 4079 1383 4145 trinitatis
1405 4073 1503 4143 unitati

266 4197 383 4280 gratias
399 4199 525 4281 egentes
540 4217 701 4282 personam
724 4201 810 4264 tuem
825 4218 879 4282 pro
902 4199 966 4264 iure
989 4198 1110 4264 nostrae
1126 4197 1270 4263 ecelesiae
1292 4194 1331 4260 ad
1349 4190 1504 4278 episcopale

266 4311 472 4378 ministerium
501 4316 678 4397 cooperante
701 4314 823 4380 domino
846 4314 1055 4381 consecrantes
1085 4312 1144 4378 tibi
1166 4312 1197 4376 et
1225 4331 1280 4395 per
1302 4311 1332 4376 te
1355 4311 1502 4376 Ravenna·

265 4425 346 4489 tensi
371 4426 514 4492 eeclesiae
536 4427 719 4510 dignitatem
741 4448 861 4495 omnem
889 4447 979 4513 quem
995 4431 1066 4494 ante
1088 4427 1173 4493 illius
1195 4426 1356 4493 divisionis
1378 4427 1500 4506 tempora
