3152 4902
794 324 1039 392 ..142-

880 549 951 615 104.

660 713 941 787 Archieplsoopo
964 712 1172 774 Cneznenst.

378 867 487 934 Venio
510 866 604 932 freter
620 867 751 933 salutem
774 869 829 934 ete.
874 867 970 933 Deest
991 865 1024 932 in
1039 885 1075 934 oe
1096 885 1169 932 eura
1183 870 1214 933 et
1229 867 1437 947 sollieitudine,
1454 885 1514 951 pree

288 1001 344 1050 nos
366 1002 420 1068 pro
443 981 559 1048 Christi
581 982 707 1048 Domini
735 983 834 1049 nostri
855 981 914 1048 tide
943 981 1157 1061 conservande,
1186 983 1218 1048 et
1240 983 1340 1050 solute
1368 984 1512 1049 animarum

287 1098 392 1183 populi
414 1097 514 1164 fidelis
536 1098 724 1186 procurando
740 1098 933 1165 veliementer
955 1097 1076 1182 premit
1099 1096 1243 1163 adhibere
1257 1097 1292 1163 in
1306 1095 1516 1182 purtemoneris

287 1233 348 1294 eos,
370 1233 445 1299 quos
461 1213 499 1278 ab
515 1213 652 1278 omnium
667 1212 816 1280 donorum
830 1213 975 1298 lorgitore
990 1213 1055 1279 Deo
1077 1212 1200 1280 dotibus
1215 1215 1248 1279 ot
1260 1213 1426 1280 virtutibus
1439 1211 1516 1278 enini

287 1330 442 1398 deeomtos
465 1328 684 1413 oognoseimus.
729 1327 807 1396 tium
836 1346 908 1414 orgo
937 1329 975 1395 de
997 1329 1089 1394 finti·
1117 1331 1187 1394 tuso
1209 1327 1380 1412 prudentie,
1410 1347 1440 1395 ee
1459 1327 1516 1393 reli·

287 1446 385 1531 gione,
408 1447 440 1510 et
461 1463 534 1528 ergo
557 1463 713 1510 summum
735 1444 835 1510 Deum
858 1445 1034 1523 reverentie,
1064 1462 1100 1510 oe
1122 1444 1235 1528 pietate
1257 1463 1317 1510 non
1349 1447 1444 1528 solum
1463 1443 1516 1526 opi·

286 1561 409 1628 niouem
430 1559 491 1625 'sed
514 1561 628 1626 eertum
657 1559 800 1626 notitiam
824 1559 999 1638 habeamus,
1030 1559 1189 1643 doleatque
1218 1559 1307 1626 nobis
1337 1559 1517 1627 maioremiu

287 1675 411 1744 modum
442 1677 521 1742 hono
542 1675 734 1742 Luthoronee
762 1675 902 1742 hereseos
932 1676 1046 1740 sectum
1075 1693 1146 1740 oum
1174 1677 1261 1740 tento
1284 1678 1316 1741 et
1337 1677 1404 1743 tem
1430 1675 1518 1740 ooorbe

286 1793 454 1859 multorum
475 1791 608 1877 pernicie
629 1791 773 1877 grassari,
795 1793 827 1857 et
843 1790 870 1856 si
892 1790 924 1856 in
939 1789 999 1856 isto
1021 1791 1135 1875 inelyte
1158 1809 1251 1876 regno
1273 1791 1372 1876 ipsius
1387 1787 1519 1856 notissimi
1569 1773 1570 1778 ¹

286 1907 320 1975 in
335 1907 456 1974 Christo
470 1907 530 1973 filii
543 1907 642 1974 nostri
657 1905 848 1992 sigismundi
863 1905 1006 1972 Poloniao
1021 1906 1103 1990 regie
1118 1905 1250 1972 illustris
1267 1907 1425 1991 sepientis
1445 1909 1520 1989 atque

286 2025 448 2110 integritas
471 2023 560 2090 nobis
582 2025 740 2107 perspecto
762 2024 818 2103 ost,
847 2022 984 2106 quinon
1006 2024 1054 2088 est
1075 2041 1221 2106 pessume
1243 2020 1366 2088 diuinae
1398 2021 1521 2107 religioni

286 2143 317 2208 ot
338 2141 482 2225 ‘antiquae
505 2139 563 2204 Dei
592 2137 663 2204 fidoi
685 2138 847 2223 quiequam
870 2138 932 2204 lore
955 2138 1134 2217 detractum,
1164 2139 1268 2205 tomen
1290 2140 1459 2204 metuentes
1478 2155 1520 2202 oe·

286 2258 386 2322 cultos
408 2256 441 2320 in
470 2255 590 2340 plebem
612 2254 741 2320 insidiae
764 2253 918 2320 Sathenee
946 2272 981 2318 eo
1003 2253 1211 2337 intelligentes
1240 2253 1326 2319 intem
1349 2257 1435 2319 tunm
1461 2271 1520 2336 pro·

151 2411 153 2416 .
286 2371 446 2438 vinoinlem
460 2370 609 2455 synodum
624 2370 852 2448 eelebrotumm
867 2369 926 2435 tibi
935 2366 1188 2435 committendum
1200 2369 1351 2449 dommus,
1368 2376 1403 2436 ut
1416 2375 1522 2436 nostres

286 2488 366 2553 vioeo
387 2487 422 2553 in
443 2486 500 2552 hoo
522 2486 647 2570 uegooio
662 2505 780 2570 gerens,
802 2503 838 2550 eo
860 2484 907 2550 tui
927 2485 1090 2568 pastoralis
1106 2484 1199 2550 offieii
1220 2484 1322 2552 debito
1344 2489 1463 2553 arnusto
1475 2485 1521 2550 ed·

284 2603 391 2668 hibees
413 2619 536 2668 omnem
558 2619 663 2668 eurem
684 2603 716 2668 et
738 2601 940 2686 diligentiam,
964 2618 1022 2684 quo
1045 2599 1117 2666 lruio
1138 2600 1242 2680 otrooi,
1265 2603 1297 2668 et
1314 2601 1437 2687 impleo,
1459 2619 1524 2687 quse

285 2719 318 2785 in
339 2718 451 2803 populo
473 2717 531 2784 Dei
560 2719 662 2782 exorte
684 2719 740 2795 est
769 2716 960 2782 Lutherenee
989 2715 1161 2781 oslomiteti
1189 2717 1273 2784 loeus
1302 2718 1337 2783 in
1358 2718 1420 2785 isto
1442 2735 1523 2802 regno

285 2835 389 2900 nullus
412 2834 507 2900 detur.
553 2831 613 2899 Sed
636 2834 703 2899 tum
725 2832 806 2916 apud
835 2849 938 2916 regem
967 2831 1077 2915 ipsum,
1100 2833 1168 2896 tum
1198 2831 1278 2917 opud
1307 2837 1442 2900 ooeteros
1462 2851 1523 2918 pro·

285 2949 397 3030 vidone,
427 2968 560 3027 monens,
590 2949 717 3028 hortere,
740 2950 775 3014 ut
796 2965 873 3033 queo
902 2947 973 3013 fidei
996 2949 1119 3014 muetos
1136 2947 1174 3013 in
1196 2966 1255 3032 quo
1285 2949 1370 3016 salus
1398 2949 1526 3017 omnium

285 3068 341 3144 eet,
370 3065 551 3132 doeumontn
572 3082 591 3129 o
613 3064 780 3130 maioribus
809 3061 931 3143 nostris,
961 3065 992 3128 et
1014 3064 1052 3127 eb
1081 3063 1148 3147 ipso
1178 3061 1294 3146 Spiritu
1324 3063 1437 3132 sancto
1464 3065 1527 3131 dnn

286 3183 366 3260 sunt,
389 3199 424 3248 eo
440 3180 551 3265 ubique
565 3180 688 3265 quidem
711 3181 749 3246 eb
765 3179 836 3244 eliis
858 3181 1032 3246 oonsteuter
1053 3181 1085 3244 et
1106 3179 1155 3262 pie
1170 3182 1395 3262 oonsersontur,
1416 3181 1528 3265 abipso

286 3299 388 3363 eutem
404 3296 519 3380 optimo
534 3297 565 3362 ot
579 3295 845 3380 praestantissimo
867 3313 938 3379 rege
953 3294 1157 3360 conservande
1179 3297 1211 3361 et
1225 3295 1424 3363 custodienda
1446 3315 1527 3362 men-

285 3412 403 3480 dentur.
448 3410 536 3492 Quod
558 3412 594 3490 si,
617 3412 697 3496 quod
719 3411 803 3478 Deus
826 3412 952 3490 avertat,
975 3410 1077 3494 ulique
1098 3410 1144 3476 ibi
1167 3411 1284 3476 semine
1307 3415 1412 3480 tenue
1441 3411 1530 3498 poetis

285 3527 462 3613 eognoverie
490 3527 649 3610 pullulare,
678 3526 777 3593 eidem
807 3526 864 3592 inti
891 3528 961 3592 tuae
984 3525 1216 3606 oommittimus
1247 3545 1282 3592 eo
1303 3527 1484 3594 moultntem
1504 3534 1531 3592 ot

286 3643 494 3712 omnimodum
521 3643 704 3726 potestatem
733 3644 836 3708 tenore
865 3641 1053 3725 presentium
1075 3641 1192 3720 demus,
1222 3643 1312 3727 etque
1335 3643 1531 3718 ooneedimus

286 3777 337 3826 eos
359 3759 412 3843 qui
433 3758 514 3842 lopsi
536 3757 608 3836 sint
630 3757 670 3822 ed
691 3757 854 3842 pristinem
870 3757 1009 3823 veritatis
1031 3757 1114 3822 viem
1137 3757 1304 3838 resonandi,
1326 3761 1359 3825 et
1382 3759 1531 3826 eiormrie

285 3875 356 3942 illos
385 3873 576 3960 poenituerit,
605 3874 645 3940 eb
674 3873 816 3939 omnibus
845 3873 950 3956 poenis
967 3874 1005 3938 et
1033 3873 1169 3938 oonsuris
1197 3873 1329 3939 incursis
1351 3874 1532 3958 poenitentia

287 3989 415 4056 solutori
436 3989 581 4072 imposito
603 3987 788 4056 absolvendi
835 3985 869 4053 Si
891 4006 960 4054 vero
983 3988 1153 4072 pertineoes
1167 3989 1289 4067 fuerint
1312 3988 1428 4056 debitis
1442 3993 1474 4056 et
1491 3991 1533 4054 lo·

287 4107 408 4193 gitiinis
431 4109 498 4172 tum
521 4123 540 4171 e
562 4105 635 4184 iure,
658 4123 751 4190 quum
774 4122 826 4188 per
849 4104 966 4170 bullam
989 4105 1026 4170 fe.
1043 4123 1083 4172 re.
1105 4105 1215 4172 leonis
1238 4105 1275 4172 X.
1298 4105 1536 4188 praedeeessorls

287 4223 384 4289 nostri
398 4221 595 4307 praescriptis
617 4221 722 4304 poenis
737 4239 790 4304 per
804 4223 844 4299 te,
866 4221 916 4287 vel
931 4220 1035 4300 elium,
1059 4239 1113 4286 eeu
1127 4221 1213 4300 alios,
1235 4220 1320 4288 omni
1336 4223 1536 4308 appellatione

287 4337 411 4404 omnino
432 4337 543 4403 reiecto
564 4335 725 4417 efficiendi
747 4335 886 4402 invooeto
908 4336 1003 4403 etiem
1026 4336 1053 4402 si
1075 4355 1151 4421 opus
1173 4337 1265 4404 tuerit
1285 4336 1401 4406 auxilio
1424 4336 1538 4406 trechii

289 4452 461 4530 mouentis
477 4469 567 4535 mper
581 4451 692 4536 quibus
704 4452 847 4518 omnibus
861 4451 983 4535 plenum
998 4452 1057 4520 tibi
1074 4452 1225 4520 trodirnus
1239 4454 1346 4520 nostre
1360 4457 1539 4522 endoritnto
