3128 4908
567 262 810 329 -261-

79 476 160 542 nuper
186 456 257 524 inde
286 456 378 524 rediit
405 457 561 526 remittere
584 457 623 522 ad
651 457 875 525 confirmandos
905 457 1028 524 amicos.
1082 453 1169 538 Quod
1195 455 1235 522 nd
1256 473 1312 522 nos

79 573 182 652 attinet,
203 573 324 639 utinam
339 574 419 640 vires
441 574 622 641 haberemus
645 573 740 639 totius
755 571 846 639 huius
862 571 1061 658 expeditionis
1076 571 1189 638 nostris
1204 571 1312 656 opibus

79 687 277 772 suscipiendae.
316 686 377 755 Sed
398 691 502 756 tamen
524 689 667 775 quicquid
683 689 833 756 babemus
855 688 976 768 sirium,
999 689 1089 774 etque
1112 685 1312 764 auctoritatis,

79 801 104 868 id
122 803 215 870 totum
238 803 325 871 vobis
354 805 584 889 promptissime
613 805 799 889 pollicemur.
844 805 945 888 Atque
973 803 1006 871 in
1028 803 1093 871 Deo
1122 801 1312 881 confidimus

79 920 167 986 omnia
187 921 282 1000 vobis,
304 923 341 986 nt
362 919 510 1005 cupimus,
534 939 723 998 successura3
746 939 801 988 neo
823 939 893 988 vero
908 919 987 988 illud
1009 919 1174 986 verendum
1196 919 1252 996 est
1275 937 1313 984 ne

80 1035 162 1102 sires
183 1038 221 1103 eb
243 1036 333 1102 initio
356 1037 432 1104 bene
454 1037 632 1104 successerit
654 1039 725 1104 ante
747 1038 786 1104 ab
809 1037 950 1104 hostibus
972 1035 1123 1115 finitimis,
1146 1053 1182 1100 ac
1203 1035 1311 1119 poten·

80 1151 193 1218 tissimie
215 1151 447 1237 opprimamini,
477 1171 569 1238 quam
592 1153 705 1220 auxilia
733 1153 820 1220 uobis
843 1151 987 1220 submitti
1013 1151 1141 1237 possint.
1186 1151 1311 1218 Prosta-

81 1267 168 1334 bimus
188 1267 269 1334 enim
298 1269 451 1348 nostram,
481 1287 516 1336 aa
538 1267 722 1354 reliquorum
751 1269 923 1354 principum
952 1267 1044 1336 fidem
1067 1268 1101 1335 in
1123 1266 1210 1335 robis
1239 1266 1313 1332 totis

81 1382 180 1450 viribus
202 1383 406 1451 defendendis.
453 1381 536 1465 Quae
559 1383 682 1469 quidem
704 1402 759 1451 nos
782 1384 885 1451 omniu
907 1403 942 1452 eo
966 1383 1112 1469 prolixius
1135 1381 1313 1467 scripsimus

81 1499 115 1576 nt
136 1499 160 1564 ei
180 1499 223 1566 ita
237 1499 392 1567 devotioni
405 1501 476 1566 tuce
498 1498 660 1580 ridebitur,
682 1499 722 1566 iis
745 1519 821 1584 quos
843 1499 915 1566 lecit
937 1501 976 1566 ab
990 1499 1080 1567 initio
1102 1499 1194 1567 buius
1217 1517 1312 1584 nego-

80 1613 203 1682 ciationis
231 1615 395 1702 participes
424 1616 482 1682 bas
505 1617 625 1684 nostras
655 1615 776 1684 litteras
799 1616 838 1682 ed
859 1634 911 1683 eos
935 1634 989 1682 sua
1013 1617 1120 1700 sponte
1149 1631 1313 1700 propensos

81 1730 167 1816 nugis
188 1731 281 1798 edum
304 1732 345 1797 ad
366 1731 631 1828 tantam'laudem
654 1731 828 1800 excitandos
843 1731 1066 1799 communicare
1087 1729 1193 1815 possit
1232 1727 1313 1796 Illud

81 1847 187 1914 omnino
209 1849 275 1916 ate
288 1847 470 1933 requirimus
492 1848 528 1914 ut
551 1847 586 1926 si,
610 1846 690 1932 quod
705 1847 864 1926 nollemus,
887 1846 989 1931 aliquo
1013 1865 1067 1914 vos
1086 1864 1158 1912 casu
1173 1843 1314 1930 impediti

80 1963 283 2044 proximorum
306 1983 371 2032 rem
386 1963 513 2049 aggredi
534 1981 623 2049 posse
646 1963 803 2042 diffidatis.
827 1962 980 2048 siquidm
1003 1962 1092 2030 nobis
1111 1961 1163 2047 qui
1179 1960 1221 2027 sit
1243 1959 1313 2026 ani.-

81 2096 138 2143 mns
157 2081 263 2161 vester,
285 2082 322 2146 ut
343 2079 423 2164 apud
445 2097 541 2163 reges,
569 2079 675 2146 crue
697 2077 863 2146 occasionis
893 2079 1125 2164 praetermissae
1148 2079 1238 2162 culpa
1259 2095 1314 2144 nos

80 2191 235 2274 liberemus,
256 2195 355 2281 iisque
370 2213 498 2280 quornm
513 2194 598 2274 fides,
622 2194 817 2279 studiumque
839 2195 879 2260 ud
893 2195 972 2263 hunc
990 2213 1063 2275 rem,
1086 2213 1143 2262 nos
1158 2194 1195 2261 de
1210 2211 1313 2262 eorum

82 2310 165 2378 utute
178 2311 270 2380 babet
285 2310 443 2390 sollicitos,
457 2309 657 2378 orientalibus
673 2309 782 2378 amicis
799 2309 1015 2395 significemus,
1031 2330 1070 2378 no
1084 2309 1201 2378 diutim
1210 2311 1315 2377 nostra

81 2427 268 2510 spectatione
291 2426 432 2511 suspensi
446 2425 662 2511 periclitentur.
709 2423 973 2507 Quemadmodum
988 2426 1025 2493 de
1046 2425 1097 2492 his
1112 2425 1207 2493 etiem
1222 2423 1316 2491 latius

83 2543 170 2610 nostro
191 2542 321 2622 nomine,
344 2562 414 2610 cum
437 2541 595 2609 devotione
620 2543 675 2608 tua
702 2543 842 2627 loquetur
863 2541 946 2610 idem
968 2541 1061 2609 irater
1083 2541 1245 2622 Antonius,
1267 2540 1318 2608 oui

83 2657 277 2738 plenissimam
307 2659 341 2726 in
362 2657 528 2725 induem
556 2657 692 2726 babebis.
744 2657 861 2723 Datum
882 2657 999 2724 Romae
1021 2658 1076 2724 etc
1108 2657 1157 2724 die
1180 2677 1224 2724 rx.
1248 2655 1315 2722 No·

85 2774 200 2842 cumbris
222 2773 375 2842 mdmiii
420 2774 509 2841 Anno
532 2773 646 2858 quinto.

1111 2885 1226 2972 Blos.¹)

165 3121 289 3190 ¹)Blortus
313 3124 432 3174 Pellcdlna
453 3123 609 3182 eutromurl
629 3125 653 3172 ln
675 3123 769 3171 Sabinis
792 3123 869 3180 ortus,
896 3123 942 3172 lull
964 3136 979 3171 a
1003 3123 1099 3170 moreth
1122 3120 1248 3170 momentis
1267 3121 1316 3168 vu.

87 3216 141 3266 Paoll
158 3221 195 3270 lli.
212 3225 237 3272 et
253 3223 311 3271 Jclll
329 3223 371 3272 lll.
389 3221 534 3283 pontificum.
