3192 4930
607 308 829 376 ..25-

113 502 306 570 sdeoolesism
321 523 408 570 suam
424 503 455 570 et
469 504 503 570 in
518 521 554 570 ea
568 504 699 572 residere
707 504 808 584 vellet
823 504 937 570 alteras
951 503 1039 569 erant
1054 503 1184 589 scriptae
1200 503 1345 584 severius,

112 619 161 684 nisi
173 620 252 686 enim
267 620 300 685 id
314 622 418 706 ageret
432 621 463 687 et
479 621 658 688 reversionis
673 621 901 706 quamprimum
915 620 1078 686 eonsilium
1093 623 1213 704 saperet
1230 621 1296 686 erat
1311 620 1345 688 in

112 735 148 800 eis
160 735 315 804 adiunetus
330 738 430 804 metus
445 755 573 822 posnam
595 757 669 804 narn
683 739 715 804 te
730 737 846 802 fruetus
861 736 926 802 sius
942 735 1086 802 ecelesiae
1101 736 1134 802 in
1153 737 1344 820 sequestrum

112 851 171 933 poni
182 851 335 918 iussurum
350 853 500 938 nequead
515 873 585 920 eum
600 852 753 937 deportari
769 871 933 936 passnmm
954 852 1127 918 minabare:
1158 870 1234 937 quse
1249 871 1298 918 res
1313 853 1344 918 et

111 967 168 1032 tuae
181 967 351 1033 serenitatis
373 967 468 1034 iussio
486 969 678 1052 aliquantum
692 969 782 1035 nobis
797 967 957 1034 molestias
972 967 1093 1034 attulit:
1116 968 1148 1033 et
1170 968 1198 1033 si
1212 967 1295 1034 enim
1309 967 1343 1036 in

111 1101 159 1164 quo
183 1082 272 1148 illurn
293 1083 425 1150 horteris
447 1086 483 1151 nt
509 1103 653 1170 praesens
682 1085 789 1151 adesse
810 1085 844 1152 in
866 1083 994 1150 ecelesia
1023 1103 1077 1150 sna
1106 1085 1190 1165 velit,
1219 1085 1345 1169 apparet

111 1195 204 1280 optimi
224 1200 256 1264 et
269 1199 407 1284 religiosi
420 1199 568 1284 principis
582 1201 724 1266 voluntas
739 1219 775 1267 sa
795 1199 950 1266 monentis
971 1200 1146 1285 episcopum
1167 1219 1243 1284 qnae
1265 1201 1344 1266 iser

109 1313 192 1380 officio
207 1333 260 1380 sno
276 1334 379 1399 gerere
393 1315 497 1396 debet,
521 1318 669 1402 quatenns
691 1317 795 1382 tamen
810 1317 841 1382 et
858 1315 986 1400 apponis
1000 1335 1130 1400 poenam
1152 1318 1184 1382 et
1204 1317 1342 1383 nostram

109 1429 313 1512 quodammodo
327 1431 486 1516 postponis
501 1433 532 1498 et
554 1432 732 1498 dissimulas
754 1432 976 1510 auctoritatem,
998 1432 1055 1499 hoe
1069 1433 1118 1497 est
1138 1431 1173 1497 in
1195 1450 1254 1516 quo
1269 1450 1342 1498 eon·

108 1546 180 1627 queri
199 1565 357 1630 possemus
380 1549 412 1614 et
440 1567 510 1614 enm
541 1548 704 1614 serenitate
732 1549 787 1613 tua
808 1548 1006 1632 expostulare,
1036 1547 1157 1614 detrahi
1178 1547 1286 1613 honori
1308 1567 1343 1612 ae

108 1659 232 1745 demgari
254 1661 401 1746 dignitati
422 1665 557 1730 nostras:
586 1663 649 1728 nisi
670 1665 702 1728 et
723 1662 848 1730 firmum
878 1681 913 1728 ao
935 1665 1078 1730 oonstens
1101 1665 1242 1730 nostrum
1263 1663 1343 1729 illud

107 1775 139 1841 de
158 1778 221 1843 bras
243 1778 417 1845 serenitatis
439 1778 559 1845 institia
581 1797 617 1844 ao
630 1778 836 1845 moderatione
857 1778 1014 1858 iudieium
1037 1781 1068 1845 et
1082 1780 1206 1845 mutuae
1220 1780 1343 1846 nostres

108 1891 319 1960 benevolentiae
340 1893 564 1962 indissolubilis
587 1894 767 1974 coniunctio,
790 1913 846 1960 nos
868 1894 972 1962 omnia
993 1894 1027 1960 in
1049 1894 1200 1978 optimam
1221 1896 1342 1978 partem

105 2007 224 2092 arripere
246 2010 371 2076 iuberet
380 2007 404 2096 1)
436 2008 520 2076 Nam
542 2009 579 2076 de
602 2011 760 2077 voluntate
774 2009 896 2096 quidem
919 2011 1061 2094 biserga
1081 2027 1138 2075 nos
1161 2009 1251 2093 plsne
1266 2011 1342 2076 certi

106 2140 206 2189 sumus.
244 2121 451 2204 Quamobrem
472 2144 542 2193 vero
564 2127 621 2192 hoe
643 2125 732 2192 nobis
754 2126 920 2192 molestum
942 2145 1008 2192 esse
1031 2125 1140 2191 debeet
1162 2125 1265 2209 aliqua
1287 2145 1340 2192 ex-

105 2239 229 2318 ponenda
251 2241 333 2321 sunt,
362 2241 398 2307 nt
420 2261 452 2307 re
473 2241 550 2308 bene
571 2242 728 2308 intellecta
757 2242 909 2308 mileeters
938 2242 1072 2308 mentem
1101 2241 1189 2307 tuem
1210 2241 1250 2306 ad
1271 2243 1342 2308 tuae

103 2351 279 2421 iustissimae
301 2358 428 2422 naturae
449 2359 621 2441 respectum
644 2359 675 2424 et
697 2357 735 2423 ad
764 2358 855 2423 huius
879 2358 1001 2423 sanatae
1024 2357 1104 2424 sedis
1127 2355 1342 2423 austeritatem

104 2470 201 2549 posen.
244 2470 310 2538 Nos
333 2472 415 2538 hune
436 2473 612 2558 episcopum
633 2473 768 2539 mulium
791 2492 911 2556 semper
934 2473 1095 2540 dileximus
1118 2473 1342 2557 habuimusque

102 2582 458 2654 infamilimissimemm
485 2607 611 2655 numero
640 2589 734 2655 etiam
757 2591 828 2656 ante
857 2608 928 2655 enm
949 2589 983 2655 in
1006 2589 1175 2655 minoribus
1202 2607 1340 2654 essemus

101 2702 256 2782 mmdtnd,
271 2705 499 2790 plurimumque
513 2705 578 2771 eius
593 2705 716 2791 ingenio
734 2706 886 2790 mamista
901 2703 1052 2771 modestia
1066 2704 1209 2772 delecisti
1224 2723 1340 2784 snmus,

102 2834 183 2897 quern
203 2839 282 2885 nuno
303 2820 410 2886 divelli
430 2821 560 2902 anobis,
582 2840 641 2905 qno
663 2822 798 2905 tempore
820 2821 952 2886 maxime
981 2820 1046 2886 eius
1069 2839 1159 2905 opera
1181 2821 1229 2885 est
1251 2820 1339 2886 nobis

100 2936 267 3016 necessaria,
289 2937 370 3021 quod
390 2937 493 3021 probis
508 2938 540 3004 et
560 2937 703 3004 fidelibus
717 2937 870 3002 ministris
884 2936 1068 3021 indigemus,
1089 2937 1244 3002 noluimus
1259 2937 1340 3020 pati:

99 3064 188 3131 neque
208 3069 276 3117 vero
299 3054 493 3136 expectamus
514 3053 572 3119 hoe
593 3053 682 3119 nobis
703 3051 889 3120 incommodi
910 3052 944 3118 in
965 3071 999 3118 oo
1015 3050 1218 3118 abstrahendo
1240 3071 1294 3136 per
1308 3052 1340 3116 te

184 3287 202 3348 ¹)
219 3291 276 3341 Post
291 3293 351 3342 base
368 3294 439 3342 rerba
456 3295 481 3342 ln
500 3296 656 3356 descriptione
673 3295 781 3354 originali
799 3308 869 3343 mano
886 3295 961 3356 ipsius
978 3293 1082 3343 Sadoletl
1099 3293 1157 3343 irase
1175 3293 1338 3354 impetantur,

98 3394 152 3440 ‘luae
168 3388 194 3436 in
208 3390 296 3439 litteris
313 3389 396 3440 Gsroio
421 3393 499 3441 missis
517 3394 610 3442 diversa
633 3396 698 3443 sunt.
740 3393 803 3442 lissa
828 3393 948 3441 rederium
973 3395 1034 3441 sient
1051 3393 1211 3441 tsrtimoninm
1233 3393 1338 3441 mutatu

98 3493 134 3529 ηπ
151 3488 307 3544 astutioris
324 3491 411 3538 mentis
428 3491 553 3550 peniliieis,
573 3494 599 3540 et
616 3493 704 3552 primas
722 3492 826 3540 eiusdem
838 3491 993 3549 conlationes
1011 3491 1155 3552 exprimens:
1181 3491 1257 3548 ,llam
1276 3491 1339 3549 qaod

98 3581 122 3626 t1¹
139 3584 225 3642 optimo
241 3587 310 3646 plane
328 3589 407 3637 animo
425 3603 479 3646 erra
504 3603 547 3637 nos
565 3590 606 3650 sis,
624 3603 667 3638 nso
685 3590 756 3638 ullsm
774 3589 940 3648 multationem
958 3591 1054 3637 amiras
1071 3588 1241 3637 imminuendae
1259 3590 1338 3636 auoto-

96 3677 173 3728 aar·
190 3681 281 3743 labem,
299 3697 380 3733 summ
398 3686 497 3735 mulne
514 3687 587 3734 serti:
616 3685 681 3746 Queri
700 3699 754 3736 roro
773 3687 831 3734 taso
848 3699 885 3734 rer
910 3687 1051 3734 mntrarium
1069 3686 1157 3734 eiiciat
1182 3688 1207 3734 et
1225 3687 1293 3733 nobis
1310 3699 1338 3734 aa

94 3779 187 3828 metue
202 3779 256 3830 bule
266 3783 317 3831 sedi
330 3783 464 3832 sdmmria
481 3785 521 3844 alt,
541 3785 677 3844 exponenda
688 3785 734 3831 tibi
751 3786 789 3832 est
806 3785 875 3844 ratio,
895 3786 922 3832 nt
934 3795 963 3831 sa
974 3784 1095 3831 intellecta
1106 3783 1223 3832 reflectere
1235 3784 1337 3831 mmmm

92 3871 155 3922 tum
173 3879 203 3924 ad
220 3881 350 3938 mulonem
368 3882 459 3942 parion
478 3895 507 3930 ex
524 3883 579 3930 trae
596 3882 677 3942 potior
694 3882 837 3930 iustissimas
854 3883 953 3930 naturae
970 3882 1083 3929 instituto
1100 3881 1186 3942 possis.
1217 3882 1250 3929 ia
1267 3893 1338 3929 musa

93 3971 185 4025 laidem
202 3981 360 4027 verumtamen
376 3978 436 4027 haer
452 3981 539 4040 partlm
558 3981 588 4028 ad
606 3993 649 4027 nor
667 3981 777 4040 pertinet,
795 3981 882 4041 partim
900 3979 931 4026 ad
948 3981 1025 4039 ipsum
1043 3979 1129 4027 ileum:
1160 3979 1195 4026 Ad
1213 3991 1263 4036 nos,
1282 3979 1338 4036 qula

91 4063 151 4116 inne
175 4086 217 4122 noe
237 4077 370 4137 episcopum
398 4077 495 4125 multum
522 4089 612 4137 semper
638 4078 761 4126 dileximus
785 4075 955 4135 babuimnsque
982 4091 1034 4124 eum
1051 4079 1077 4125 in
1102 4077 1335 4125 ismiliarissimorom

91 4176 186 4217 numero
202 4175 270 4222 stiam
289 4176 344 4222 suis
363 4188 414 4222 eom
433 4177 458 4222 in
476 4176 604 4223 minoribns
622 4189 725 4224 emenus
742 4175 874 4232 murriano,
893 4175 1064 4235 plurimumque
1081 4175 1131 4222 eius
1143 4175 1231 4222 virtute
1243 4174 1337 4230 ingenio

90 4263 205 4315 noum
220 4271 328 4320 ieiumi
346 4286 439 4321 sumus:
458 4287 526 4332 qoem
545 4287 606 4322 nuno
623 4273 703 4321 maelii
721 4285 735 4320 a
753 4273 821 4320 nobis
838 4285 884 4331 qno
903 4275 1006 4332 tempore
1024 4271 1124 4319 maxims
1143 4271 1193 4318 eiua
1211 4283 1281 4330 opera
1299 4276 1338 4320 sat

91 4361 159 4410 uobis
177 4371 303 4418 usoemris
321 4384 373 4418 aum
393 4373 418 4419 si
436 4371 544 4420 fidelibus
561 4373 586 4421 st
602 4372 683 4432 probis
696 4371 810 4419 ministris
829 4369 975 4428 indigemus
991 4379 1038 4416 nos
1051 4369 1125 4416 nsum
1144 4371 1183 4416 est
1199 4369 1337 4428 potiusque

91 4460 231 4522 mittere,
253 4469 390 4527 praesertim
416 4471 441 4517 te
465 4470 508 4517 hoe
534 4469 602 4516 nobis
627 4469 765 4517 incommodi
791 4469 915 4523 arcemn
940 4479 1007 4524 qoem
1030 4478 1073 4514 ner
1099 4465 1213 4514 confidere
1238 4467 1337 4514 maxime
