3152 4902
546 315 790 380 -107-

61 515 161 600 luqua
182 513 393 581 constituenda
421 513 479 579 hoc
500 513 559 580 tibi
581 510 683 594 magis
712 510 928 576 elaborandum
951 509 1007 587 cst,
1030 527 1088 591 quo
1112 507 1185 572 suns
1205 506 1239 572 in
1260 507 1292 573 te

60 631 145 698 diune
165 631 309 699 beneficia
325 631 449 698 maiora
494 629 577 698 llam
600 649 669 696 cnm
684 631 738 696 tara
761 629 908 696 serenitas
924 630 1062 694 assecuta
1084 627 1177 694 liuerit
1191 627 1288 694 ricto-

61 751 131 826 riam,
151 750 199 816 cui
222 750 357 814 similem
379 769 435 814 nee
456 747 557 831 prisca
578 766 714 831 unquam
737 748 838 813 secula
860 745 1016 822 viderunt3
1043 765 1104 812 uon
1125 745 1159 811 in
1181 765 1215 810 ee
1238 745 1292 810 tua

62 866 220 950 magnitudo
243 866 347 950 ampla
369 867 426 944 est,
455 863 533 949 qncd
556 863 674 940 viceris,
703 865 805 949 petest
827 863 910 928 euim
932 863 989 928 hoc
1012 881 1100 946 saepe
1123 861 1217 927 etiam
1239 861 1289 926 in·

61 983 147 1066 dignis
180 983 304 1049 fortuito
335 985 366 1048 et
397 1001 469 1048 cusu
501 981 635 1056 munirer
668 979 720 1046 sed
749 981 782 1045 iu
811 999 845 1046 ec
875 981 928 1044 tus
957 979 1055 1044 uirtus
1084 977 1292 1061 praeclamet

59 1099 174 1182 gloriosa
195 1099 297 1164 lutura
326 1099 388 1176 est,
419 1097 526 1163 sihsc
554 1096 681 1162 victoria
703 1096 792 1174 iuste,
821 1096 996 1180 temperate,
1025 1095 1188 1178 prudenter
1216 1113 1291 1160 usus

59 1215 144 1294 lucris,
166 1235 338 1299 quanquam
361 1234 417 1280 uos
438 1214 496 1278 hcc
518 1213 619 1297 magis
642 1233 677 1278 cx
699 1213 887 1278 abundantia
909 1211 1007 1278 cerdis
1030 1211 1196 1278 clamoris
1218 1229 1291 1295 erga

59 1335 82 1396 te
100 1331 190 1396 uestri
213 1332 384 1408 scribimus,
414 1350 506 1415 quum
529 1329 608 1414 qnod
630 1329 797 1396 iudicemus
821 1331 851 1395 te
873 1328 1049 1394 huiusmodi
1072 1327 1291 1394 monitionibus

60 1447 184 1532 indigere,
207 1467 298 1531 quem
315 1465 433 1530 semper
455 1446 596 1512 nummus
612 1447 679 1511 tum
694 1445 758 1511 Dce
781 1445 965 1511 deferentem
987 1446 1119 1523 tuntum,
1142 1443 1289 1527 qnantum

59 1564 88 1627 ai
107 1565 216 1647 optimc
238 1562 374 1648 principe
398 1581 528 1646 aequum
550 1563 598 1627 cst
621 1561 739 1640 deferri,
761 1563 829 1628 tum
858 1562 891 1627 iu
914 1561 1115 1645 amplissimis
1145 1559 1291 1627 denisce

58 1680 193 1745 beneficiis
223 1699 299 1763 quae
321 1678 380 1744 tibi
409 1679 448 1744 ab
477 1677 583 1744 ecdem
611 1679 727 1744 tributa
750 1679 830 1756 suut
859 1678 993 1762 gratiam
1021 1675 1070 1742 illi
1091 1677 1122 1742 ct
1144 1676 1289 1760 pietatem

59 1814 160 1878 semper
181 1796 369 1862 referentem
415 1793 474 1861 Sed
496 1797 544 1861 est
558 1796 650 1861 huius
672 1795 819 1880 temmris
835 1795 952 1861 occasio
974 1792 1131 1870 eiusmodi,
1153 1793 1189 1859 nt
1210 1811 1291 1857 nunc

59 1911 171 1977 maxime
198 1930 253 1995 per
281 1912 312 1976 te
339 1911 559 1996 providendum
589 1912 639 1988 sit
669 1913 705 1976 nt
731 1930 837 1976 omues
867 1910 1044 1995 intelligant
1071 1907 1230 1976 victoriam
1259 1909 1292 1973 et

59 2027 219 2093 lellcitatcm
241 2029 329 2093 tuam
352 2027 494 2094 omuibus
518 2027 612 2092 saluti
634 2029 665 2093 et
687 2027 844 2094 commodo
867 2045 942 2105 csse,
965 2045 1024 2111 quo
1046 2025 1178 2092 maxims
1201 2023 1290 2091 modo

57 2141 101 2206 illa
128 2143 247 2209 stabilis
270 2144 301 2209 st
330 2142 475 2209 diuturna
503 2143 608 2208 lutura
628 2144 684 2210 est.
729 2143 768 2208 lu
790 2162 849 2227 qua
871 2143 976 2208 tamen
998 2142 1154 2208 voluntate
1177 2157 1212 2206 ac
1234 2141 1288 2206 dc·

58 2257 219 2324 liberatione
241 2260 273 2323 et
302 2277 425 2324 manere
447 2260 478 2324 te
501 2261 533 2324 et
563 2277 630 2325 esse
658 2278 838 2324 mansurum
861 2261 928 2324 tum
957 2260 1011 2324 tua
1033 2259 1126 2342 proba
1149 2275 1237 2322 meus
1260 2259 1291 2322 st

58 2372 211 2439 iustissima
241 2375 350 2439 natura
380 2375 448 2440 tum
470 2375 565 2441 ctiam
594 2375 685 2440 duces
708 2377 740 2440 et
768 2375 883 2440 actores
907 2375 952 2439 tui
974 2373 1026 2440 hic
1048 2392 1102 2438 suu
1124 2373 1237 2439 virtute
1259 2374 1290 2438 et

57 2491 240 2574 temperantia
263 2489 443 2566 ostendunt;
465 2491 499 2556 in
521 2510 625 2556 curum
640 2489 722 2556 euim
745 2489 892 2557 modestis
915 2490 1085 2556 actionibus
1107 2489 1170 2555 nm
1193 2507 1288 2572 appa-

59 2624 110 2670 rere
129 2606 267 2673 omuibus
282 2605 391 2690 incipit
411 2607 517 2672 lumen
532 2607 720 2691 integritatis
743 2608 775 2671 et
790 2605 955 2689 sapientiae
977 2607 1055 2672 tuae.
1085 2603 1151 2671 llos
1167 2603 1290 2689 quidem

58 2739 101 2801 pru
120 2725 219 2789 uestro
241 2724 385 2806 perpetuu
408 2722 446 2788 de
474 2722 536 2787 tuis
559 2723 834 2806 praestantissimis
856 2722 1022 2788 uirtutibus
1052 2721 1148 2787 animi
1169 2719 1290 2799 iudicio,

58 2855 207 2920 proquam
222 2838 426 2904 beniuolentia
449 2857 509 2922 qna
524 2838 720 2904 serenitatem
743 2840 829 2904 tuam
853 2857 971 2922 semper
988 2837 1116 2903 mirifice
1138 2836 1289 2920 prosecuti

60 2949 162 3028 luimus,
185 2955 242 3019 tibi
265 2954 303 3020 de
325 2953 410 3019 omni
432 2955 484 3018 tue
507 2954 618 3019 honere
642 2955 672 3018 et
694 2955 792 3038 gloria
816 2956 847 3020 et
865 2953 1066 3037 amplitudine
1088 2953 1288 3038 gratulamur,

58 3069 262 3154 maximamque
291 3069 330 3134 ad
358 3087 414 3134 uus
443 3089 478 3134 eu
501 3069 540 3134 iis
570 3071 659 3135 rebus
688 3070 839 3136 laetitiam
869 3069 1042 3154 pervenisse
1064 3069 1288 3134 confirmamus.

57 3179 92 3245 dc
111 3185 184 3267 qued
206 3205 276 3250 cum
291 3185 447 3250 vuluntate
471 3185 585 3251 summi
598 3185 658 3252 Dei
680 3188 711 3251 et
724 3185 833 3251 Italiae
848 3185 1071 3270 tranquillitate
1093 3182 1289 3267 omniumque

59 3297 141 3362 salute
160 3299 227 3378 liat,
256 3299 317 3366 tibi
346 3299 384 3364 ad
415 3301 502 3365 tuam
531 3301 691 3366 victoriam
721 3303 751 3366 ct
773 3300 952 3367 felicitatem
984 3299 1208 3377 stabiliendam,
1231 3317 1287 3363 au·

58 3413 179 3493 padam,
193 3415 439 3494 ccufirmaudam,
463 3434 583 3481 omnem
600 3417 736 3481 nostram
750 3436 846 3500 opem,
862 3435 1005 3494 amorem,
1022 3413 1166 3492 studium,
1181 3415 1287 3478 auctu·

59 3525 174 3607 ritatem,
194 3530 387 3616 diligentiam
417 3531 581 3597 descrimus
604 3534 636 3598 et
658 3531 845 3614 pollicemus.
890 3532 937 3598 De
960 3531 1070 3616 quibus
1093 3529 1235 3596 omuibus
1257 3531 1289 3596 st

59 3640 116 3706 aliis
136 3645 225 3712 eliam
246 3666 323 3730 qnae
346 3647 459 3712 arctius
476 3649 507 3712 st
521 3647 632 3713 melius
655 3649 791 3714 numnam
807 3648 954 3731 optimam
977 3647 1167 3712 voluntatem
1188 3644 1223 3711 in
1240 3664 1289 3710 res

60 3757 116 3821 tuas
135 3762 292 3830 ostendant
314 3761 453 3829 dedimus
484 3763 629 3830 mandata
651 3782 705 3847 per
727 3763 855 3842 litteras,
885 3762 995 3829 dilectu
1024 3761 1088 3828 filiu
1111 3761 1289 3826 Baldaesari

61 3867 222 3943 Castilicusc
236 3877 357 3944 notarie
379 3879 411 3944 st
432 3877 541 3945 nuncio
564 3879 676 3957 nostre,
699 3880 753 3944 ant
775 3897 809 3945 ec
832 3879 957 3944 absente
979 3876 1026 3943 Jc.
1050 3875 1154 3942 Corsis
1176 3875 1289 3941 oratori

60 3983 219 4071 munuum,
241 3994 277 4058 ut
299 4012 369 4059 cum
390 3994 444 4060 tna
467 3993 629 4060 serenitate
651 3993 773 4059 uberius
789 3995 820 4059 et
833 3994 953 4078 plenius
976 3994 1078 4078 agant,
1101 3992 1211 4077 quibus
1234 3991 1288 4056 illa

61 4097 137 4168 idern
157 4125 274 4174 cmuem
303 4109 437 4176 hebebit
482 4109 599 4175 Datum
620 4110 737 4176 Romae
759 4111 815 4176 stc.
844 4109 882 4176 ix.
906 4109 1013 4176 Martii
1035 4107 1153 4178 mdxxv.
1198 4105 1287 4176 Anno

61 4219 179 4288 aoeuudc.
