3128 4908
748 269 992 347 ..954-

239 471 403 542 commissa
425 472 484 541 fuit
499 475 530 542 et
553 471 591 540 ad
614 491 688 560 quos
713 477 829 560 spectat
851 475 969 541 utiliter
990 493 1094 561 gerere
1116 471 1241 560 negotia
1262 469 1359 560 ipsius
1374 469 1470 540 orne

240 591 324 658 rinae
340 591 478 657 ducissae
500 591 598 656 adhuc
619 591 653 656 in
667 592 813 675 pupillari
834 593 935 657 aetate
948 591 1140 670 constitutas
1163 591 1387 657 considerantes
1399 608 1472 674 prae-
1550 615 1554 654 .³

242 708 371 773 missam
394 707 576 790 reciprocam
599 707 793 773 donationem
816 706 915 772 eidem
937 705 1117 772 Catherinae
1140 707 1276 791 papillae
1296 707 1395 791 potius
1414 724 1472 789 pro·
1550 725 1554 768 τ

242 825 352 889 licuam
368 841 460 908 quam
483 821 664 887 damnosam
679 823 823 902 futuram,
845 825 1003 906 propterea
1023 823 1122 888 eidem
1139 822 1274 906 pupillae
1296 841 1362 888 rem
1382 821 1473 886 utilem
1553 811 1556 902 s

241 941 332 1022 prout
353 958 388 1004 ex
410 938 547 1004 iniuncto
569 938 657 1003 nobis
680 937 779 1002 officio
802 939 949 1017 tenemur,
978 937 1076 1005 faeere
1098 936 1315 1017 desiderantes,
1337 937 1433 1004 omnia
1450 943 1474 1000 et
1555 919 1556 924 ἵ

243 1053 365 1139 singula
387 1056 466 1122 bona
496 1053 622 1120 stabilia
644 1055 676 1118 et
698 1052 825 1120 mobilia
847 1053 892 1118 eis
915 1053 1088 1122 coherentia
1109 1057 1140 1118 et
1162 1053 1287 1120 illorum
1310 1053 1412 1120 usibtu
1430 1051 1473 1116 de

242 1173 349 1254 putata
371 1169 470 1236 dictae
492 1169 672 1234 Gathar-inae
695 1168 841 1248 ducissae,
870 1187 926 1233 nec
947 1187 1009 1234 non
1030 1171 1139 1248 castra,
1163 1173 1261 1234 terras
1284 1171 1316 1236 et
1337 1170 1408 1248 loca
1427 1167 1474 1232 du·

242 1287 353 1365 catum,
375 1285 555 1350 comitatum
571 1285 609 1350 'et
631 1283 766 1348 dominia
788 1282 822 1347 in
844 1283 925 1348 dicto
947 1301 1040 1368 regno
1063 1284 1209 1350 lbanciae
1236 1284 1396 1350 dumtaxat
1414 1301 1474 1348 cou-
1555 1309 1556 1342 r

203 1403 210 1412 '
242 1401 392 1481 sistentia,
413 1403 445 1468 ot
460 1401 498 1466 ad
513 1419 582 1466 eam
595 1399 735 1485 legitime
756 1399 942 1484 pertinentia
962 1417 998 1466 ea
1013 1399 1174 1466 donatione
1197 1419 1273 1486 quae
1288 1399 1398 1466 dicitur
1410 1399 1476 1464 into

242 1517 327 1583 vivos
349 1515 595 1595 irrevocabiliter,
618 1533 710 1600 quam
732 1515 827 1581 etiam
851 1515 879 1580 si
900 1514 982 1580 diota
1005 1513 1168 1581 Catherine
1190 1515 1313 1581 ducissa
1335 1515 1413 1582 tilios
1432 1533 1475 1578 su·
1553 1569 1554 1580 ,

243 1633 372 1718 soiperet
393 1633 492 1698 valere
522 1634 553 1698 et
575 1631 692 1696 irritari
712 1649 773 1696 non
794 1648 883 1714 posse
906 1631 1056 1712 volumus,
1085 1631 1248 1698 reservatis
1278 1633 1383 1698 tamen
1402 1629 1476 1696 nobis
1555 1709 1556 1734 Χ

242 1749 353 1814 tutorio
374 1749 497 1815 nomine
519 1731 618 1813 dictae
640 1745 820 1811 Catherinae
842 1745 980 1812 ducissae
1007 1746 1158 1813 dictorum
1180 1748 1326 1813 bonorum
1351 1746 1477 1813 omuibus
1555 1755 1556 1762 ’

241 1865 390 1932 fructibus
412 1869 444 1932 et
465 1864 562 1931 libera
589 1861 863 1942 administratione,
894 1861 996 1930 eidem
1017 1862 1132 1930 Joauni
1153 1863 1224 1929 duci
1245 1862 1352 1930 eodem
1380 1860 1477 1928 luterio

242 1980 365 2048 nomine
395 1978 558 2046 dummodo
587 1979 685 2062 ipsius
714 1978 844 2044 loannis
873 1977 959 2044 ducis
989 1979 1111 2045 donatio
1132 1998 1187 2064 per
1216 1977 1478 2064 supervenientum

243 2097 376 2164 filiorum
399 2095 493 2163 etiam
515 2093 617 2160 valida
639 2093 682 2159 sit
703 2096 735 2158 et
756 2095 822 2160 tam
844 2093 926 2160 dicto
947 2112 1041 2180 quam
1055 2094 1158 2179 aliquo
1179 2094 1241 2160 alio
1263 2113 1336 2160 casu
1359 2113 1419 2162 non
1436 2109 1477 2156 re-

243 2215 373 2292 vocetur,
396 2213 553 2290 donamus,
575 2210 734 2293 ipsamque
757 2209 953 2276 Gatberinam
975 2210 1128 2277 oaeneon
1158 2230 1228 2276 oum
1251 2213 1292 2276 ed
1320 2211 1478 2296 legitimam

242 2331 375 2396 aetatem
396 2327 567 2413 pervenerit
595 2326 791 2392 donationem
811 2345 866 2410 per
886 2345 943 2392 nos
965 2327 1077 2392 tutorio
1100 2327 1224 2393 nomine
1246 2326 1362 2392 tactam
1383 2325 1478 2392 uuu-

243 2443 327 2510 modi
347 2447 449 2510 ratam
470 2445 502 2510 et
522 2443 645 2527 gratam
673 2441 849 2508 habituram
871 2461 908 2507 ao
929 2441 967 2508 de
988 2442 1136 2508 evictione
1165 2442 1318 2508 dictorum
1346 2443 1481 2510 bonorum

242 2560 340 2626 teneri
362 2561 439 2628 velle
461 2559 682 2643 promissuram
703 2557 922 2643 promittimus,
945 2560 976 2624 et
998 2558 1218 2644 obligationem
1238 2558 1391 2626 facturam
1410 2555 1481 2622 dicto

243 2677 374 2758 nomina,
396 2679 428 2743 et
448 2694 502 2760 pro
532 2674 770 2758 praemissorum
792 2673 1001 2741 observatione
1030 2693 1086 2740 noe
1108 2677 1141 2740 et
1164 2675 1241 2740 bona
1263 2675 1368 2740 omnia
1387 2675 1482 2738 norbo

242 2793 415 2878 praesentia
437 2797 468 2858 et
490 2793 593 2858 lutona
615 2791 650 2858 in
664 2795 768 2858 torma
784 2789 862 2856 iuris
884 2789 986 2856 valida
1000 2789 1081 2856 dicto
1103 2791 1227 2856 nomine
1248 2790 1427 2876 obligamus.
1448 2785 1483 2852 et

242 2908 444 2976 nibilominus
471 2907 584 2992 potiori
611 2925 665 2992 pro
694 2907 813 2973 cautela
836 2905 981 2972 dileobrm
1010 2906 1110 2972 lilium
1138 2906 1290 2974 loannem
1320 2909 1482 2972 sanctorum

243 3023 370 3090 Oosmm
391 3027 424 3091 et
444 3024 591 3090 Damieni
612 3023 774 3090 diaconum
791 3022 978 3088 cardiualem
1000 3021 1038 3087 de
1054 3020 1200 3090 Salviatie
1221 3025 1435 3107 nuncupemn,
1454 3019 1483 3082 in

243 3159 336 3225 regno
351 3140 497 3208 Franciae
511 3142 650 3208 noemam
672 3143 705 3204 et
718 3139 901 3223 apostolicae
916 3137 1004 3206 Sedis
1019 3138 1158 3224 legatum
1179 3137 1217 3204 de
1231 3139 1328 3204 latere
1349 3137 1390 3204 ad
1402 3153 1481 3221 prae-

243 3257 341 3322 missa
368 3257 472 3324 omnia
499 3275 554 3341 per
577 3275 609 3322 ee
632 3257 680 3322 vel
702 3256 799 3321 alium
822 3273 875 3320 seu
897 3253 975 3320 alios
1003 3256 1108 3320 nostro
1130 3257 1162 3320 et
1191 3252 1291 3320 diotae
1313 3251 1482 3318 Catberim

243 3373 382 3438 ducissae
403 3373 526 3440 nomine
541 3370 713 3438 faciendum
735 3373 766 3438 et
788 3369 994 3454 exequendum
1010 3389 1080 3436 cum
1101 3369 1201 3454 plena,
1223 3369 1321 3436 libera
1343 3371 1376 3436 et
1392 3365 1484 3448 ampla

242 3488 387 3556 facultate
402 3489 496 3554 etiam
512 3488 541 3554 si
560 3488 636 3554 talia
650 3487 758 3566 lerant,
781 3504 858 3571 quae
873 3487 1002 3570 speciale
1017 3486 1203 3570 requirerent
1217 3483 1407 3564 mandabam,
1419 3499 1483 3566 pro·

243 3608 413 3672 curatorem
434 3609 576 3672 nostmm
598 3604 693 3670 etiam
715 3603 882 3686 apostoliea
904 3602 1084 3668 auctoritate
1106 3601 1323 3668 constituimus
1345 3603 1379 3664 et
1398 3598 1483 3681 depu-

243 3725 355 3801 tamus,
384 3721 492 3788 mnes
521 3721 701 3788 benitatem
722 3719 821 3785 eidem
843 3717 957 3784 Joanni
985 3717 1133 3784 cardinali
1154 3719 1186 3784 et
1207 3717 1311 3801 legato
1334 3733 1421 3799 super
1440 3711 1486 3778 bis

242 3855 437 3922 quaeeunque
450 3837 656 3904 instrumenta
677 3839 708 3904 et
730 3835 897 3918 scripturae
911 3853 982 3900 cnm
996 3834 1138 3902 omnibus
1159 3833 1308 3900 danaulis
1322 3835 1355 3898 et
1369 3827 1485 3898 cantabr

244 3955 432 4034 necessariis,
448 3953 548 4022 solitis
562 3956 594 4021 et
608 3953 786 4038 opportunis
801 3952 835 4020 in
849 3950 1027 4036 praemissis
1042 3949 1180 4034 faciendi
1212 3948 1279 4016 Noe
1294 3949 1379 4015 enim
1392 3943 1486 4013 omn'u

243 4090 322 4159 quae
337 4072 509 4158 peripsum
523 4071 675 4138 loannem
690 4070 815 4136 cardam
830 4071 864 4136 in
885 4068 1063 4152 praemissis
1078 4067 1158 4134 dicto
1174 4066 1297 4134 nomine
1311 4067 1400 4150 gesta
1412 4063 1486 4128 acu

244 4193 276 4258 et
296 4190 450 4276 promissa
464 4189 586 4269 fuerin,
609 4191 677 4257 rata
698 4191 730 4255 et
751 4190 841 4274 grata
855 4185 1037 4254 habebimus
1059 4188 1091 4252 et
1112 4203 1148 4252 ex
1162 4201 1243 4252 nuuc
1257 4185 1349 4267 prout
1369 4199 1404 4250 ex
1420 4179 1485 4244 tuuc

244 4312 312 4374 rata
334 4310 367 4374 et
387 4310 477 4392 grata
498 4307 656 4384 babemus,
678 4303 840 4388 ipsumque
861 4300 1013 4368 Joannem
1041 4300 1168 4367 card.lom
1191 4301 1231 4365 ab
1254 4299 1396 4365 omuibus
1416 4310 1486 4378 quae

245 4442 298 4508 per
320 4441 391 4487 eum
412 4422 566 4507 praedicto
588 4421 712 4487 nomine
733 4423 822 4506 gesta
844 4419 926 4489 tauta
947 4419 979 4486 et
1006 4417 1158 4504 promissa
1180 4414 1294 4486 neunt
1320 4411 1485 4482 indemnem
