3128 4908
458 294 793 394 ‚-are-

633 525 706 593 205.

294 691 494 768 Episcopus
517 692 750 764 Lingonensis
772 689 946 751 Clementi
968 690 1042 750 v11.

465 801 575 886 (Epist.
591 799 716 886 princip.
732 799 789 866 III.
808 799 872 887 19).

525 915 693 1003 (11.Ε“οὶιι.
712 915 820 1000 1524).

134 1075 335 1144 Sanctissimo
356 1075 479 1144 domino
502 1079 605 1144 nostro
620 1095 697 1162 pape
712 1074 863 1144 Clementi
878 1076 948 1144 VH.
972 1077 1080 1144 devote
1097 1076 1294 1144 subiectionis

58 1191 232 1276 obsequium.

136 1307 253 1374 iiterss
275 1308 328 1374 tue
342 1307 516 1374 sanctitatis
532 1308 709 1376 beatissimo
727 1310 814 1393 pater
828 1307 961 1374 reddidit
983 1308 1072 1376 nobis
1094 1308 1187 1374 tator
1201 1308 1295 1375 Pero-

59 1422 155 1504 grinus
176 1421 213 1490 de
235 1420 447 1510 Vennendoys
469 1423 585 1490 ordinis
608 1424 706 1490 sancti
722 1423 881 1492 Benedicti
903 1424 1010 1508 plenas
1032 1425 1157 1509 patorne
1180 1423 1295 1490 sollici·

59 1537 165 1604 tndinio
185 1541 218 1604 et
239 1537 406 1606 christiano
427 1539 581 1624 puritstis.
625 1539 713 1606 Facit
734 1540 831 1625 igitur
852 1539 1046 1607 observantia
1067 1540 1101 1606 in
1123 1541 1155 1606 te
1177 1558 1246 1606 mea
1267 1540 1298 1604 ot

60 1653 157 1734 pietas,
177 1655 214 1719 nt
235 1653 291 1720 ubi
311 1655 374 1720 tris
396 1654 625 1739 obtemperandi
647 1655 783 1722 consiliis
800 1675 866 1724 seso
880 1655 1026 1722 obtulerit
1046 1655 1172 1736 occasio,
1194 1673 1299 1740 prom·

60 1771 124 1851 pius
145 1771 176 1836 st
196 1770 297 1836 ehcor
318 1789 409 1837 omno
431 1789 535 1838 meum
564 1771 625 1838 sim
646 1771 831 1855 prostitnms
853 1770 997 1838 officium
1043 1768 1136 1856 Spero
1158 1770 1299 1856 equidem

60 1881 206 1952 tiristnm
235 1885 394 1952 dominum
424 1886 476 1971 qui
499 1887 557 1952 tibi
581 1905 651 1954 suas
679 1887 760 1954 vices
788 1887 937 1972 gerondas
965 1887 1000 1954 in
1021 1887 1112 1954 torris
1141 1887 1234 1968 dedit
1262 1886 1303 1954 ad

61 2001 182 2068 saluam
204 2003 300 2068 totius
322 2002 414 2082 orbis,
444 2006 475 2068 et
497 2003 556 2070 Dei
584 2003 716 2088 gloriam
737 2002 924 2070 directorum
948 2005 1017 2070 tuos
1039 2021 1145 2070 omnes
1167 2005 1302 2083 conotus

61 2119 144 2200 atque
171 2117 266 2184 etinm
296 2117 437 2184 fidelibus
459 2119 540 2184 votis
570 2136 786 2202 responsurum
842 2116 928 2200 Quod
953 2119 980 2185 si
1009 2119 1094 2186 hisce
1114 2117 1303 2203 temporibus

62 2232 243 2315 usqueadeo
266 2233 445 2300 turbulenta
468 2233 532 2300 sint
546 2234 657 2312 omnia,
681 2233 862 2300 confidimus
885 2235 989 2301 tamor
1013 2233 1098 2320 (quia
1116 2235 1170 2300 tua
1192 2234 1303 2319 ubique

61 2349 203 2414 terrarum
226 2347 398 2432 predicatur
421 2350 528 2430 virtus,
551 2351 582 2415 et
604 2351 652 2414 est
675 2349 841 2433 singularis
863 2349 1066 2435 providentia)
1097 2368 1187 2418 omne
1209 2349 1304 2418 dissi-

60 2462 140 2528 dinm
161 2465 204 2529 sic
226 2482 398 2548 componas,
427 2484 463 2530 ao
485 2483 609 2549 prorsus
632 2463 840 2530 calamitatem
869 2483 998 2548 repares,
1027 2467 1063 2530 ut
1084 2464 1209 2532 tandem
1231 2464 1302 2531 fidei

59 2597 135 2660 paca,
156 2581 292 2647 otrobue
307 2580 451 2646 humanis
474 2580 638 2647 serenitate
659 2579 792 2660 reducta
815 2579 874 2646 toti
888 2579 1001 2646 mundo
1023 2580 1144 2648 futurus
1160 2579 1205 2646 sis
1219 2580 1300 2664 opti·

59 2711 123 2760 mae
139 2697 279 2762 servator.
318 2694 489 2776 Protamun
512 2697 548 2762 nt
561 2695 641 2762 hanc
661 2697 749 2762 tuam
765 2695 960 2762 sanctitatem
974 2695 1028 2762 diu
1042 2695 1131 2763 nobis
1146 2697 1302 2762 consonet

59 2803 193 2876 Christro
220 2809 322 2876 Jesus.
367 2809 411 2876 iix
434 2810 622 2895 Lingonibus
651 2811 744 2876 tercio
773 2810 842 2877 idus
865 2810 1030 2878 Februarii
1074 2813 1164 2878 Anno
1192 2811 1302 2878 salutis

58 2922 204 2992 humanae
225 2925 370 2992 vicesimo
392 2927 499 3010 quarto
523 2945 614 3011 supra
636 2927 951 3010 sexquimillesimum.

704 3043 738 3108 E.
761 3062 789 3109 v.
813 3062 837 3110 s.
859 3041 943 3108 iilius
964 3042 1257 3128 obsequentissimus

823 3156 934 3224 Mioael
955 3156 1137 3242 Idgonensis

908 3272 1074 3358 episcopus.

635 3491 716 3598 eoo.

426 3696 577 3758 Carolus
599 3697 642 3758 V.
662 3696 834 3758 Clementi
857 3699 931 3758 vn.

503 3807 590 3893 (mea
606 3806 701 3892 prino.
716 3807 756 3873 11.
775 3806 861 3893 172).

534 3921 577 4009 (7.
594 3921 700 3988 Martii
717 3921 827 4008 1524).

139 4081 327 4152 Beetissimo
349 4084 444 4167 pater,
466 4083 588 4151 domine
616 4082 874 4152 reverendissime.
903 4083 987 4167 Quae
1009 4083 1174 4152 acciderint
1194 4084 1228 4150 in
1249 4104 1302 4152 er-

57 4200 237 4284 pugnatione
252 4199 360 4266 Fontis
376 4199 496 4278 Rabidi
518 4218 554 4265 oa
569 4199 663 4268 etiem
684 4199 797 4266 littoris
812 4200 926 4266 nostris
942 4200 1093 4266 volumus
1115 4201 1215 4266 vostro
1230 4219 1302 4266 sen-

57 4317 154 4386 ctitati
175 4317 251 4382 nota
272 4333 355 4392 essm
376 4333 438 4382 non
453 4333 545 4400 quare
567 4317 655 4382 muta
668 4335 717 4382 res
740 4317 790 4396 sit,
812 4317 867 4383 aui
882 4318 946 4382 tem
962 4315 1068 4401 magni
1090 4317 1247 4396 momenti,
1269 4318 1304 4384 ut

58 4431 138 4499 nobis
160 4433 321 4518 propteroa
343 4449 526 4518 magnopere
548 4431 742 4518 gloriandum
764 4432 954 4513 extimemus,
984 4430 1036 4498 sed
1058 4430 1139 4517 quod
1160 4431 1193 4499 id
1214 4432 1302 4520 oppi-

968 4555 972 4564 ·
1086 4538 1143 4608 18*
