3152 4902
569 309 812 376 -105-

78 511 153 576 tenus
173 508 219 574 illi
241 508 330 575 nobie
353 509 384 574 et
399 506 469 574 scs
485 505 556 574 Sodi
570 505 752 590 apostolicae
774 503 824 570 cui
837 502 897 570 fido
912 500 1050 570 obstricti
1069 502 1150 581 sunt,
1172 500 1311 568 debitum

78 626 205 692 honorem
227 627 258 691 et
274 625 474 691 reverentiam
488 625 645 702 habentes,
667 625 757 707 atque
772 623 811 716 ab
827 620 911 687 omni
926 619 1037 686 iniuria
1053 617 1185 684 subditis
1199 617 1314 684 nostris

78 741 216 808 inferenda
238 741 438 820 abstinentes,
462 715 538 825 quae
568 739 662 806 etism
684 739 717 804 in
739 741 877 804 nostrum
899 735 1048 834 iniuriam!
1066 736 1213 802 resultare
1236 755 1311 820 quo-

78 856 223 922 dammodo
253 856 420 934 videretur,
449 857 556 940 pacate
578 875 614 923 oc
642 855 806 940 tranquille
834 853 946 920 itinera
976 855 1070 938 agant
1099 870 1134 916 cc
1157 869 1175 916 e
1197 851 1313 934 rapinis

77 972 178 1038 milites
199 975 230 1038 ct
252 974 292 1038 ab
315 973 400 1038 omni
420 973 584 1038 insolentia
607 973 736 1048 arceant,
766 990 802 1037 oc
824 969 962 1036 vicissim
991 971 1024 1034 tn
1053 969 1087 1034 in
1109 969 1199 1034 dictis
1222 967 1312 1034 ternis

77 1087 242 1154 Ursinorum
257 1107 329 1153 cura
351 1091 383 1153 et
397 1089 577 1156 anctoritate
591 1089 750 1172 providens
765 1089 800 1154 ut
815 1085 1044 1152 transeuntibus
1067 1084 1220 1150 militibus
1235 1083 1312 1168 ipsis

76 1221 221 1288 eorumque
250 1204 434 1284 ductoribus,
458 1205 607 1289 qnatenus
632 1223 707 1288 opus
730 1204 779 1282 sit
810 1203 847 1269 de
870 1201 1052 1270 vicenalibus
1082 1203 1114 1267 et
1141 1203 1312 1268 commeatu
1413 1181 1416 1190 ¹

75 1337 122 1400 pro
142 1319 262 1386 honesto
285 1320 382 1403 pretio
405 1320 490 1404 copia
513 1321 568 1387 dat
589 1323 682 1404 utque
704 1320 846 1404 utrinque
867 1319 911 1384 ita
933 1317 1014 1384 inter
1036 1335 1069 1383 se
1091 1318 1193 1402 agant,
1216 1317 1311 1382 altor-

76 1453 127 1516 que
147 1435 271 1502 alterum
293 1437 426 1502 tractent
448 1438 482 1501 nt
497 1455 552 1502 nos
575 1437 735 1504 ambarum
757 1435 892 1520 partium
907 1433 1090 1500 modestiam
1113 1435 1145 1499 ot
1166 1452 1239 1517 erga
1256 1453 1311 1498 nos

75 1550 283 1617 observantiam
299 1551 509 1619 commendare
531 1552 712 1636 laudansque
727 1551 894 1635 pessimum
915 1549 994 1635 quod
1016 1549 1199 1634 accipiemus
1223 1569 1309 1614 sum-

78 1685 185 1749 mopere
206 1669 344 1751 gratum
368 1687 457 1752 super
478 1669 592 1753 quibus·
611 1668 753 1735 omnibus
776 1668 911 1750 amplam
927 1666 985 1732 tibi
999 1668 1101 1732 tenore
1124 1665 1310 1749 presentium

74 1783 249 1850 concedimus
278 1783 465 1851 facultatem.
510 1784 626 1851 Datum
648 1785 763 1851 Romae
794 1783 843 1850 die
865 1783 905 1850 v'n
928 1781 1034 1848 Martii
1057 1781 1175 1848 mdxnv.
1220 1780 1309 1847 Anno

74 1896 198 1964 soeundo.

623 2012 747 2102 (Foris).

385 2129 504 2198 mdmv.
549 2129 638 2196 Anno
661 2128 790 2196 secundo
813 2129 919 2196 Martii
941 2129 980 2195 vi.

512 2243 781 2313 Commissariotns
804 2246 860 2312 etc.

656 2597 707 2661 74.

577 2771 791 2844 vsceregn.

144 2941 257 3008 Dilecto
280 2942 335 3008 iili
380 2943 424 3007 En
447 2941 560 3008 litteris
576 2941 747 3007 nobilitatis
772 2944 841 3008 tuse
863 2942 912 3008 die
937 2942 1028 3008 tertis
1046 2941 1152 3007 Martii
1175 2941 1256 3007 datis
1272 2945 1303 3007 st

69 3073 96 3117 en
116 3055 155 3120 eis
183 3077 258 3142 quae
288 3058 340 3123 dil.
364 3059 393 3122 s.
416 3057 623 3124 Bernardinus
652 3056 851 3124 Castellecins
878 3059 992 3124 electus
1014 3057 1187 3124 Casalensis
1216 3059 1304 3124 nobis

72 3171 174 3238 rettulit
196 3173 393 3259 cognovimus
416 3193 520 3239 curam
543 3175 574 3240 ot
597 3173 834 3240 sollicitudinem
864 3195 956 3259 quam
979 3174 1061 3258 geris
1085 3175 1121 3240 de
1144 3193 1303 3240 conscrva-

69 3285 137 3352 tione
152 3291 234 3374 regni
248 3288 445 3373 Neapolitani
467 3309 557 3373 quem
575 3290 633 3356 tibi
655 3292 686 3355 et
708 3291 779 3356 fidei
801 3291 871 3356 tuae
893 3309 966 3375 erge
982 3290 1211 3356 serenissimum
1226 3288 1303 3356 Ose-

70 3419 153 3468 ssrem
174 3405 448 3472 dominumtuum
472 3406 631 3472 convenire
652 3406 873 3490 intelligimus3
905 3406 957 3473 sed
980 3409 1011 3472 et
1034 3426 1088 3473 nos
1113 3424 1173 3473 non
1197 3427 1304 3474 snmus

70 3519 184 3584 omenti
206 3521 280 3605 quin
295 3541 421 3586 manum
444 3521 531 3586 illam
547 3521 714 3588 militarem
737 3542 794 3608 que
810 3523 841 3588 id
856 3541 985 3608 regnum
1000 3525 1211 3608 oppugnatum
1229 3524 1304 3604 ibat

71 3637 173 3716 nepo
195 3636 303 3704 nuncio
319 3637 418 3702 felicis
442 3639 559 3702 vestrae
575 3637 718 3704 victoriae
733 3638 905 3704 iuberemus
921 3639 1102 3704 commorari
1124 3642 1155 3706 st
1171 3659 1203 3706 se
1221 3641 1303 3707 intra

72 3745 133 3812 dnos
153 3754 268 3818 nostros
292 3751 479 3832 contrahere,
508 3752 676 3837 damusque
698 3773 821 3838 operam
843 3756 879 3819 ut
900 3757 965 3821 tots
988 3755 1181 3834 dissolvatur,
1214 3755 1301 3823 sicut'

72 3857 121 3926 ion
142 3865 239 3951 abque
260 3887 295 3934 en
318 3869 404 3951 parte
428 3868 527 3934 solnta
550 3869 606 3947 est,
636 3869 675 3934 ad
698 3869 777 3953 qnod
806 3869 964 3955 negotium
993 3871 1174 3938 adhibemus
1197 3871 1249 3938 dil,
1273 3873 1302 3938 fi.

73 3977 186 4046 nobilem
208 3983 307 4048 virum
321 3983 474 4050 Aloisium
498 3983 626 4050 Suessae
641 3983 756 4064 ducem,
772 4004 946 4052 caesareum
968 3987 1048 4070 apud
1066 4005 1121 4052 nos
1143 3989 1302 4067 oratorem,

73 4093 115 4172 qui
133 4099 160 4161 te
180 4097 215 4166 de
229 4099 279 4165 bis
302 4098 421 4184 plenius
437 4099 559 4166 edocere
581 4099 700 4184 poterit
747 4099 951 4180 Quamobrem
969 4102 1050 4187 quod
1070 4105 1189 4187 partem
1210 4103 1302 4170 istius

74 4211 198 4278 nescitus
219 4215 279 4280 bno
300 4215 434 4282 destines
456 4216 548 4282 buius
570 4215 698 4300 periculi
711 4216 909 4300 propulsandi
930 4237 1029 4299 causa
1052 4217 1131 4284 nihil
1153 4220 1302 4304 estquod

75 4327 186 4409 conplins
207 4329 240 4396 in
261 4349 296 4398 eo
319 4333 374 4398 tua
396 4331 543 4400 nobilitas
565 4331 691 4411 laboret,
713 4333 819 4398 nostra
841 4333 924 4400 enim
942 4352 1014 4399 curs
1036 4332 1139 4400 omnia
1160 4334 1300 4419 provide-

75 4435 167 4509 buntor
187 4447 237 4530 qni
258 4449 364 4514 tamen
386 4446 544 4533 dissipatis
576 4446 713 4531 reliquiis
743 4449 909 4516 multorom
937 4449 1133 4516 innocentum
1156 4453 1236 4536 qnod
1259 4453 1298 4519 ad
