3128 4908
772 273 1097 357 undide-⁸

267 475 355 561 dum,
386 475 466 568 quod
487 475 591 549 hostes
614 479 679 546 tam
701 479 895 565 pertinaciter
924 479 1125 565 occupabant,
1155 499 1189 548 eo
1218 479 1353 567 tempore
1380 476 1486 566 caepisse

265 598 412 677 videmur,
435 612 528 683 quum
550 597 582 663 id
605 596 729 663 difficile
752 597 883 663 maxime
906 596 1065 664 uideretur.
1111 595 1237 664 Summo
1253 617 1384 684 namque
1402 597 1485 671 liene,

265 732 301 780 ac
323 715 422 780 multa
444 713 522 779 aeris
538 712 716 796 intemperie
739 715 956 798 oppugnatum
979 714 1103 780 tandem
1118 713 1158 778 ad
1180 733 1235 780 nos
1251 715 1349 784 rediit
1381 714 1485 798 Agimus

265 831 329 897 Deo
352 830 468 915 optimo
490 829 616 914 gratias,
645 831 807 914 postquam
830 829 874 894 ita
896 829 1038 908 evenerit,
1069 831 1103 896 ut
1125 848 1219 914 quum
1241 831 1345 896 omnia
1366 833 1397 896 et
1414 830 1484 894 intus

263 965 299 1012 ac
314 947 396 1025 foris,
419 947 537 1031 praeter
552 947 617 1010 tam
632 945 747 1010 iustam
770 963 894 1010 causam
909 946 1055 1024 nostram,
1078 945 1273 1029 militumque
1295 948 1386 1030 atque
1399 945 1484 1009 docum

263 1064 436 1128 nostrorum
451 1061 605 1139 virtutem,
627 1059 786 1126 conatibus
808 1059 921 1125 nostris
943 1061 1064 1126 obstare
1087 1059 1274 1140 viderentur,
1297 1081 1369 1126 nam
1385 1065 1413 1126 et
1428 1059 1485 1124 salis

262 1177 386 1244 firmum
408 1176 594 1261 praesidium
615 1175 700 1241 intus
722 1175 782 1241 fuit
803 1175 978 1259 nulliusque
1001 1175 1044 1242 rei
1067 1195 1168 1259 egens,
1197 1176 1252 1241 illo
1274 1175 1398 1241 tandem
1416 1174 1485 1258 potiti

262 1293 368 1358 simus.
407 1289 466 1358 Sed
481 1291 561 1376 quod
576 1290 744 1357 maximum
765 1293 822 1368 est
845 1291 996 1357 voluimus
1018 1291 1075 1356 boc
1091 1291 1286 1357 sanctitatem
1300 1295 1427 1356 vestran
1441 1309 1485 1355 nor

261 1407 409 1492 ignorare
440 1408 656 1492 proptereaque
678 1424 739 1472 non
761 1425 899 1472 ueremur
921 1405 995 1490 quin
1011 1407 1208 1490 posteaquam
1230 1407 1314 1473 videt
1328 1407 1386 1473 Dei
1399 1403 1484 1490 optimi

260 1523 482 1608 benignitatem
505 1524 570 1588 tam
585 1522 684 1587 iustae
700 1539 808 1586 causae
822 1524 944 1586 nostrae
966 1521 1011 1586 ita
1026 1522 1169 1605 aspirare,
1191 1541 1226 1588 eo
1245 1523 1339 1588 etiam
1363 1521 1486 1588 limite

259 1639 327 1724 ipsa
348 1639 386 1706 de
408 1639 496 1705 nobis
528 1636 788 1722 amplitudineque
810 1638 923 1716 nostru
952 1637 1000 1702 vel
1024 1655 1078 1702 sue
1108 1637 1205 1722 ipsius
1229 1639 1331 1722 potius
1355 1639 1433 1726 (nam
1451 1633 1487 1700 ill

259 1754 362 1820 omnia
383 1755 487 1821 nostra
518 1771 636 1836 semper
658 1751 761 1818 delata
789 1751 1031 1837 essevolumus)
1057 1771 1190 1832 sensura,
1219 1755 1311 1838 alque
1339 1755 1485 1838 cogitem

258 1869 308 1950 sit,
330 1887 407 1954 quae
429 1870 533 1936 tamen
555 1868 658 1936 omnia
680 1869 825 1934 huberius
848 1887 883 1933 ex
906 1870 1023 1934 oratore
1045 1869 1149 1934 nostro
1171 1869 1287 1935 illustri
1309 1871 1383 1936 duee
1397 1868 1486 1936 Suessa

258 1986 426 2069 cognoscet
464 1984 631 2068 valeatque
654 1987 756 2050 vestra
778 1983 926 2050 sanctitas
950 2001 1042 2066 quam
1070 1983 1273 2051 foelicissime.
1318 1987 1363 2052 Ex
1384 1985 1486 2051 civibte

256 2102 361 2166 nostra
375 2099 529 2166 Victoriae
553 2099 688 2166 calendis
707 2097 813 2165 Martii
836 2116 916 2164 anno
930 2096 1056 2164 Domini
1078 2099 1244 2166 millesimo
1263 2099 1485 2185 quingentesimo

232 2215 404 2301 .vigeaimo
436 2216 551 2300 quarto,
575 2233 738 2300 regnorum
769 2217 942 2281 nostrorum
982 2215 1189 2282 Romanorum
1227 2217 1350 2300 quinto,
1378 2217 1485 2281 aliorum

185 2397 187 2400 .
256 2349 326 2399 vem
348 2331 487 2398 omnium
508 2349 596 2397 nono.

344 2561 469 2628 Carolus
498 2562 602 2629 divina
624 2561 745 2629 buente
774 2561 936 2628 elementia
964 2561 1079 2628 electus
1102 2562 1310 2628 Romanomm
1333 2563 1485 2648 imperator,

256 2697 375 2762 semper
403 2679 567 2763 augustus,
604 2695 639 2742 ac
673 2675 855 2749 Germaniae
885 2676 1162 2760 Hispaniarumque
1194 2679 1351 2762 utriusque
1381 2677 1485 2745 Siciliae

256 2792 375 2860 Hiems.
399 2795 454 2860 ete
478 2812 537 2859 res.
1283 2793 1411 2860 Carolus.

345 3021 545 3090 Sanctissimo
560 3022 593 3088 in
603 3021 723 3090 Christo
738 3023 818 3108 patri
834 3023 956 3090 domino
967 3021 1117 3090 Clementi
1132 3028 1341 3092 sacrosanctae
1350 3027 1485 3092 Romanae

256 3159 292 3206 ac
313 3139 494 3207 universalis
516 3139 659 3206 ecclesiae
681 3139 819 3222 pontifici
840 3139 981 3206 maximo.

846 3401 921 3466 aba.

629 3564 781 3626 Carolus
802 3564 844 3623 v.
866 3565 1038 3625 Clementi
1060 3565 1133 3626 vll.

706 3673 792 3759 (litt.
807 3674 900 3758 princ
916 3673 956 3740 11.
975 3673 1062 3760 178).

725 3788 791 3876 (14.
807 3788 913 3855 Martii
930 3789 1040 3876 1524).

347 3950 530 4018 Beatissimo
552 3952 646 4034 pater,
670 3949 791 4016 domine
813 3949 1069 4017 reverendissime.
1115 3952 1183 4018 Etsi
1205 3952 1250 4021 ita
1273 3954 1359 4021 nobis
1380 3948 1482 4018 iamdu-

257 4066 331 4133 dum
353 4085 533 4150 persuasum
555 4071 637 4132 esset
658 4065 805 4150 nobisque
827 4065 1045 4150 propemodum
1067 4067 1183 4150 liquido
1205 4071 1365 4148 constaret
1385 4063 1482 4132 uncti·

255 4184 353 4248 tatem
376 4185 512 4250 vestram
535 4182 563 4248 si
584 4180 683 4248 eidem
706 4201 840 4266 unquam
862 4183 921 4248 Dei
943 4183 1052 4268 optimi
1074 4184 1267 4270 benignitate
1288 4186 1328 4252 ad
1349 4199 1483 4252 summurn

256 4298 352 4362 istum
374 4297 536 4382 dignitatis
558 4298 675 4382 apicem
697 4298 852 4382 pervenire
874 4299 1061 4384 contigisset
1085 4300 1164 4366 nihil
1186 4302 1357 4385 apristinis
1379 4298 1434 4366 suis
1451 4293 1484 4359 de

258 4410 413 4493 republica
435 4411 554 4491 studiis,
584 4412 695 4478 nihila
717 4414 846 4497 pristino
870 4433 924 4480 suo
946 4433 1019 4500 erga
1040 4435 1096 4482 nos
1125 4417 1228 4482 animo
1251 4417 1403 4496 dedexnru
1423 4411 1483 4498 quin
