3258 4904
652 265 897 338 ..455-

143 464 326 534 testimonio
356 465 528 532 litterarum
558 484 651 532 manu
678 466 783 532 nostra
813 462 1054 549 subscriptarum
1083 465 1114 530 eb
1137 464 1234 550 sigilli
1264 465 1361 533 nostri
1384 485 1402 532 a

143 585 235 668 tergo
264 582 465 668 impressione
495 581 691 648 munitamm.
736 582 851 648 Datum
881 581 1039 666 Augustae
1068 580 1116 647 (116
1147 581 1256 648 ultimo
1286 582 1402 648 mensis

142 698 165 766 J
167 698 227 764 ulii
249 717 328 764 anno
351 697 468 764 domini
483 697 600 764 mdxxx.
625 697 750 782 Imperii
766 698 904 764 nostrin
936 695 1061 763 Carolus
1076 699 1132 763 etc.
1157 695 1206 764 Ad
1221 697 1401 764 mandatum

142 833 286 882 cesareae
308 816 339 880 et
361 814 529 880 catholicae
551 812 724 880 maiestatis
748 833 796 898 pp.
819 812 881 879 hll.
897 812 1060 880 Valdesius
1082 813 1138 878 etc.
1176 813 1251 880 Post
1274 833 1402 898 quarum

143 931 272 1016 quidem
296 929 455 996 literarum
477 929 683 1014 imperialium
706 930 794 995 nobis
823 930 859 994 ut
882 947 972 1012 supra
995 928 1107 994 factam
1138 930 1349 1015 receptionem,
1372 933 1403 998 et

142 1046 405 1133 presentationem
425 1044 553 1111 fecimus
568 1065 622 1130 per
636 1045 822 1112 antedictum
839 1066 862 1110 r.
879 1045 907 1110 d.
923 1045 1074 1111 loannem
1089 1044 1215 1110 Petrum
1231 1046 1401 1113 Ferreltum

143 1163 373 1248 procuratorem
396 1160 582 1228 antedictum
606 1160 709 1226 debita
738 1179 808 1226 oum
831 1160 979 1226 instantia
1002 1159 1141 1244 requisiti
1170 1164 1319 1245 quatenus
1343 1163 1403 1229 sibi

143 1277 227 1344 dicto
251 1276 375 1344 nomine
396 1277 502 1343 literas
525 1276 681 1343 citatorias
704 1277 810 1344 eontra
832 1277 863 1343 et
886 1277 1031 1343 adversus
1053 1276 1098 1343 ill
1121 1276 1150 1342 d.
1167 1277 1194 1344 d
1209 1276 1403 1362 Alphonsum

143 1395 310 1460 Estensem
332 1393 440 1459 ducem
461 1391 617 1459 Ferrariae
638 1392 672 1457 in
694 1392 810 1458 eisdem
839 1392 939 1459 literis
962 1393 1172 1476 imperialibus
1195 1394 1404 1480 principaliter

142 1510 299 1578 nominati
322 1508 479 1575 decernere
502 1510 533 1574 et
555 1506 716 1574 concedere
738 1509 894 1575 vellemus.
942 1508 1057 1576 idcirco
1079 1526 1135 1575 uos
1157 1510 1324 1576 Baldassar
1346 1529 1401 1595 po-

143 1627 243 1692 testas
266 1627 297 1691 et
320 1624 407 1691 iudex
431 1643 465 1690 ac
492 1625 633 1692 executor
654 1623 825 1690 antedictus
856 1625 1035 1692 auctoritate
1059 1625 1147 1692 nobis
1170 1626 1343 1704 commissa,
1372 1627 1404 1692 st

143 1760 205 1827 qua
244 1740 403 1825 fungimur
441 1740 474 1805 in
513 1740 570 1805 hac
610 1741 695 1824 parte
732 1740 866 1807 volentes
905 1741 1059 1807 mandatis
1098 1741 1260 1825 praelibati
1298 1759 1400 1807 saera·

143 1855 264 1923 tissimi
291 1855 485 1940 imperatoris
516 1855 551 1920 ut
583 1854 669 1921 decet
698 1856 905 1940 obtemperare
937 1875 991 1923 vos
1022 1857 1066 1922 ill.
1096 1856 1124 1923 d.
1154 1856 1184 1926 d.
1210 1857 1403 1942 Alphonsnm

144 1971 254 2038 ducem
277 1972 431 2038 Ferrarius
462 1990 514 2037 seu
546 1971 643 2037 elium
665 1989 719 2055 pro
742 1972 828 2038 vobis
852 1971 990 2056 legitime
1020 1971 1273 2040 intervenientem
1301 1975 1404 2040 tenore

143 2087 334 2173 presentium
364 2086 495 2153 citarum
518 2106 678 2154 monemus
701 2087 733 2154 et
755 2087 936 2171 requirimus
959 2088 1067 2173 primo,
1098 2089 1236 2169 secundo,
1259 2089 1350 2156 tertio
1373 2091 1404 2155 et

144 2202 347 2288 peremptorie
370 2205 518 2287 quatenus
548 2203 597 2282 die
618 2203 707 2270 doris
730 2203 864 2288 proxime
889 2203 991 2270 lutura
1013 2224 1071 2288 que
1093 2205 1152 2271 erit
1175 2205 1240 2271 diss
1262 2225 1327 2272 xxv.
1350 2204 1400 2270 in-

145 2320 259 2386 stantis
281 2318 398 2385 mensis
421 2317 554 2403 Augusti
584 2337 686 2385 coram
709 2319 797 2386 uobis
820 2321 853 2386 in
883 2320 1006 2387 eruere
1029 2321 1191 2388 Ravennae
1213 2321 1246 2386 in
1274 2320 1402 2387 ecclesia

144 2434 315 2502 cathedrali
337 2434 473 2503 eiusdem
496 2433 533 2500 ds
556 2453 645 2501 mane
667 2435 742 2502 hora
764 2435 927 2502 tertiamm
949 2453 1040 2520 quem
1062 2437 1164 2502 locum
1187 2436 1400 2521 deputavimus

143 2569 198 2634 pro
221 2549 356 2630 iuridico‚
379 2551 410 2617 et
432 2549 581 2616 tribunali
610 2552 713 2617 nostro
737 2570 789 2634 per
811 2553 1037 2636 procuratorem
1058 2552 1195 2626 vestrum
1224 2551 1400 2636 legitimum

144 2667 176 2732 et
197 2664 342 2733 idoneum
357 2665 557 2750 compareatis
580 2665 798 2732 adridendum
821 2667 852 2733 et
872 2666 1056 2734 audiendum
1078 2667 1225 2734 nonnulla
1240 2667 1401 2753 privilegia

144 2783 211 2848 acta
235 2781 402 2865 scripturae
424 2781 628 2847 instmmenta
655 2783 686 2847 st
708 2781 899 2848 munimenta
921 2783 1086 2849 adrasum
1108 2783 1250 2850 facientia
1273 2785 1304 2850 et
1326 2802 1395 2851 con·

143 2897 307 2976 cernentia,
335 2897 367 2963 et
390 2897 515 2962 illorum
539 2896 767 2980 transcriptioni
798 2917 850 2964 seu
875 2899 1053 2966 extractioui
1077 2897 1319 2967 interessendum
1350 2899 1398 2964 di-

143 3012 331 3096 cendumque
360 3014 391 3078 et
420 3011 615 3097 allegandum
644 3013 787 3097 quicquid
816 3013 850 3078 iu
873 3013 1047 3100 oppositum
1076 3013 1177 3081 dicare
1206 3017 1237 3081 et
1266 3015 1399 3098 allegare

144 3127 310 3208 volueritis,
333 3127 409 3193 alias
433 3129 518 3212 lapso
542 3128 623 3195 dicto
646 3129 777 3195 termino
800 3132 832 3195 et
846 3130 946 3195 vestro
969 3131 1162 3213 comparente
1185 3130 1234 3195 vsl
1249 3147 1310 3196 non
1325 3148 1397 3212 pro-

143 3245 280 3310 curatore
304 3263 357 3310 666
372 3245 472 3310 vestro
488 3244 595 3309 idoneo
611 3244 720 3327 agente
743 3245 792 3310 vel
812 3244 978 3311 substituto
1001 3243 1137 3329 predicta
1152 3243 1312 3328 privilegia
1331 3245 1399 3310 acta

144 3359 310 3442 scripturas
333 3358 538 3426 instrumenta
560 3360 592 3424 et
613 3358 803 3425 munimenta
824 3359 862 3425 ad
878 3377 1002 3426 oausam
1017 3358 1168 3439 facientia,
1191 3377 1226 3425 sc
1240 3377 1308 3426 eam
1323 3377 1396 3425 cou-

143 3473 298 3541 csmentia
320 3474 400 3558 apud
423 3492 628 3560 quascumque
657 3492 802 3558 personas
831 3475 993 3541 existentia
1022 3473 1212 3559 originaliter
1234 3475 1264 3539 et
1293 3492 1397 3540 sorum

143 3609 212 3656 uera
234 3589 442 3674 tramsumpta
464 3608 483 3654 a
506 3589 570 3655 suis
593 3588 700 3655 formis
723 3589 925 3674 originalibus
955 3589 988 3656 in
1010 3589 1163 3674 publicam
1194 3589 1324 3655 formam
1346 3609 1396 3656 re-

143 3705 248 3774 dactae
270 3706 301 3770 et
323 3703 444 3770 redacta
474 3723 509 3770 ac
532 3705 588 3772 sub
613 3703 727 3789 sigillis
757 3705 941 3772 authenticis
966 3705 1112 3791 sigillata,
1142 3706 1173 3771 et
1196 3705 1253 3772 suh
1281 3703 1396 3770 talibus

143 3819 233 3886 modo
255 3819 287 3886 et
308 3819 407 3886 forma
430 3818 509 3904 quod
532 3819 648 3886 eisdem
670 3819 779 3886 merito
802 3819 835 3887 in
857 3822 996 3888 Romana
1018 3820 1110 3900 curia,
1133 3821 1164 3887 et
1187 3822 1271 3887 extra
1288 3820 1396 3900 valeat,

143 3936 174 4002 et
195 3934 305 4001 debeat
326 3934 403 4002 fides
419 3935 555 4019 plenaria
578 3935 715 4002 adhiberi
738 3935 817 4002 nihil
840 3934 976 4002 addendo
992 3937 1041 4003 vel
1062 3936 1226 4002 minuendo
1249 3936 1302 4002 aut
1324 3953 1394 4001 mu-

143 4051 235 4118 tando
258 4050 339 4135 quod
361 4050 436 4116 facti
459 4051 663 4117 substantiam
694 4053 794 4118 mutet
817 4070 870 4118 seu
894 4051 990 4117 ranst
1012 4051 1204 4118 intellectum
1226 4050 1343 4118 extrahi
1366 4051 1396 4118 et

143 4165 308 4251 exemplari
330 4167 468 4251 recteque
491 4167 523 4232 et
544 4165 672 4232 iuridics
695 4167 884 4251 comprobari
915 4166 1003 4252 siguo
1032 4165 1207 4232 tabellionis
1236 4165 1334 4232 nostri
1357 4164 1396 4231 ad

142 4281 199 4348 hec
220 4280 359 4366 deputati
380 4301 435 4366 per
450 4299 506 4347 uos
521 4281 660 4366 legitime
683 4281 857 4348 curabimus
875 4281 989 4366 illaque
1011 4280 1119 4348 nuntio
1142 4299 1193 4348 eeu
1210 4280 1396 4365 procuratori

142 4395 252 4481 prefati
276 4415 300 4462 s.
323 4396 352 4463 d.
368 4417 397 4464 n.
421 4415 516 4482 papae
540 4395 696 4463 hademus
719 4398 749 4463 et
772 4396 1030 4482 consignabimus,
1051 4397 1085 4463 in
1108 4415 1235 4482 quorum
1257 4395 1395 4463 omnium
