3152 4902
771 279 1015 348 -186-

858 509 930 574 142.

554 673 728 734 Praelatls
751 676 787 732 et
810 673 999 734 Nobilibus
1021 665 1234 752 Polonlae.¹)

355 825 546 892 Venerabilis
560 827 661 894 frater.
699 827 783 893 Inter
797 828 912 894 ceteras
934 845 1022 893 curas
1044 845 1120 912 quas
1135 846 1189 911 pro
1204 829 1283 894 bono
1304 828 1336 892 et
1356 824 1496 892 commode

264 941 367 1026 gregia
383 941 544 1007 christiani
559 940 747 1025 suscepimus
770 944 801 1009 et
823 943 982 1027 inquibus
1000 962 1056 1009 nec
1070 944 1103 1010 in
1127 943 1257 1010 summis
1272 942 1400 1009 Sanctae
1419 939 1496 1006 huius

265 1055 351 1124 Sedis
374 1057 526 1142 angustiis
549 1058 686 1141 impense
708 1075 764 1122 nec
785 1055 819 1122 in
841 1057 925 1123 omni
946 1058 1049 1124 labore
1072 1058 1169 1124 animi
1192 1057 1390 1124 sollicitudini
1410 1055 1496 1140 parci·

264 1191 348 1252 mus,
377 1173 433 1239 hcc
461 1192 578 1259 quoque
606 1173 640 1238 in
670 1172 756 1238 nobis
786 1173 850 1239 Deo
880 1171 1050 1257 inspirante
1085 1173 1192 1240 innata
1221 1175 1284 1252 est,
1314 1174 1351 1238 ut
1378 1170 1498 1238 dioscori

263 1288 370 1354 ducem
392 1291 549 1372 potentem
569 1290 601 1355 et
616 1307 772 1373 magnum,
796 1287 850 1354 scd
865 1288 982 1372 aliquot
1003 1289 1037 1354 in
1051 1289 1142 1355 rebus
1157 1308 1176 1354 a
1194 1291 1317 1354 sanctae
1334 1285 1499 1355 universalia

262 1403 405 1470 ecclcsiae
420 1403 616 1489 dogmatibus
631 1403 793 1484 diversum,
809 1405 958 1489 quantum
973 1403 1061 1471 nobis
1076 1404 1158 1470 idcm
1165 1405 1316 1471 Dominus
1333 1402 1498 1470 concesserit

261 1519 301 1585 ad
323 1519 488 1587 catholicae
503 1521 535 1585 et
556 1518 736 1586 orthodoxae
751 1519 823 1585 fidei
844 1518 996 1586 unitatem
1011 1519 1229 1604 adiungamus3
1252 1539 1334 1598 nam,
1357 1539 1424 1585 enm
1437 1536 1496 1601 prc-

261 1635 343 1702 nimo
365 1655 444 1703 anno
467 1635 591 1720 quidam
614 1635 728 1700 Paulus
752 1633 893 1702 Centurio
922 1635 998 1702 civis
1022 1633 1192 1702 Ganuenais
1221 1635 1262 1702 ad
1281 1635 1372 1702 ilium
1394 1633 1497 1700 elsua
1564 1675 1565 1728 3

261 1751 384 1836 negotia
399 1751 591 1836 proficiscens
605 1749 871 1816 commendatitias
886 1769 904 1816 a
918 1751 1007 1818 nobis
1022 1751 1142 1817 litteras
1157 1751 1306 1834 petiisset
1328 1769 1384 1818 nos
1398 1748 1498 1816 litteris

259 1867 323 1934 illis
338 1867 432 1934 etiam
448 1865 669 1951 quodammodo
691 1865 777 1931 ducis
791 1865 877 1931 illius
891 1865 1030 1932 nmmum
1045 1867 1232 1932 tentavimus
1256 1867 1282 1932 si
1298 1867 1375 1933 forte
1396 1863 1499 1950 aperire

261 1983 353 2050 vellet
374 1984 457 2050 Deus
481 1981 593 2048 nostris
616 1980 752 2048 consiliis
781 1981 914 2047 ianuam.
960 1978 1078 2062 Quibus
1100 1981 1214 2048 litteris
1244 1982 1385 2048 effectam
1406 1981 1497 2048 estut

260 2099 325 2183 ipse
354 2099 415 2164 dux
442 2098 474 2165 et
501 2097 621 2165 litteras
650 2097 689 2163 ad
718 2114 774 2163 nos
803 2098 834 2164 et
862 2097 1055 2164 Demetrium
1083 2097 1207 2164 Erusmi
1235 2097 1391 2164 hominem
1421 2114 1498 2162 snun

259 2214 393 2291 miserit3
422 2230 512 2299 quem
535 2233 605 2280 cum
627 2231 707 2278 nnnc
728 2213 802 2278 illuc
824 2211 1027 2292 remittamus,
1050 2213 1200 2298 elegimus
1223 2231 1377 2279 unacum
1391 2230 1434 2290 ec,
1454 2210 1498 2294 qui

259 2330 298 2396 ad
313 2329 502 2415 praedictum
517 2329 625 2396 ducem
639 2328 769 2395 nuncius
786 2328 890 2394 noster
904 2326 971 2407 iret
987 2345 1091 2393 ven.rm
1105 2327 1231 2395 fratrem
1246 2327 1398 2395 ioannem
1412 2328 1499 2394 mnn-

258 2445 373 2512 ciscnm
402 2446 576 2531 episcopum
600 2443 776 2510 Scarensem
805 2443 963 2509 hominem
984 2443 1094 2509 multis
1116 2445 1148 2510 et
1170 2443 1274 2509 arduis
1303 2445 1394 2510 rebus
1422 2441 1500 2508 nobis

257 2562 423 2647 cognitum,
452 2562 618 2645 pollentem
647 2559 784 2626 doctrina
806 2559 953 2643 religione
982 2559 1174 2643 experientia,
1198 2559 1251 2643 qui
1272 2561 1418 2626 metant
1438 2577 1499 2624 cun

258 2679 324 2762 ipso
354 2677 429 2744 duee
457 2679 562 2744 nostro
598 2675 720 2743 nomine
748 2674 874 2741 modum
903 2676 934 2740 et
970 2674 1102 2741 sormam
1130 2675 1352 2743 coniunctionis
1381 2677 1499 2742 nostrae

258 2791 410 2875 Quoniam
438 2811 508 2859 vero
530 2792 569 2858 ad
591 2792 649 2858 hoc
670 2789 886 2876 perficiendum
908 2790 1062 2874 imprimis
1091 2793 1260 2875 opportuna
1281 2793 1314 2857 et
1341 2787 1500 2858 necessaria

257 2911 305 2976 est
326 2909 418 2976 istius
440 2908 487 2974 tui
509 2908 590 2993 regis
606 2907 664 2973 filii
686 2905 784 2973 nostri
805 2905 958 2972 mnasimi
973 2906 1122 2985 voluntas,
1145 2905 1231 2972 cuius
1247 2925 1318 2972 cum
1333 2905 1435 2972 Mosco
1448 2923 1499 2988 pun

257 3025 288 3092 et
310 3023 468 3092 concordia
490 3042 638 3109 magnum
661 3023 852 3089 momentum
874 3021 945 3087 huic
962 3021 1089 3088 consilio
1111 3021 1244 3088 allatura
1257 3023 1314 3102 cst,
1337 3023 1370 3088 et
1390 3021 1429 3087 ad
1442 3020 1500 3086 eius

255 3141 378 3226 quidem
402 3141 597 3207 serenitatem
618 3138 779 3204 affectuose
802 3135 979 3214 scribimus;
1009 3137 1062 3205 sed
1090 3156 1161 3203 curn
1181 3138 1236 3203 tua
1258 3155 1377 3223 qnoque
1396 3135 1498 3202 ncu-

256 3255 338 3322 nitas
361 3255 449 3322 nobis
464 3255 563 3339 possit
584 3253 665 3338 apud
680 3251 821 3319 eumdem
843 3252 875 3317 ct
889 3251 965 3318 alibi
979 3270 1047 3318 esse
1061 3251 1245 3332 adiumento,
1267 3252 1426 3319 hortamur
1438 3267 1499 3316 ean
1563 3239 1564 3270 ³

257 3391 377 3439 summe
399 3372 432 3438 in
447 3371 578 3438 Domim
600 3370 637 3435 ui
659 3368 840 3453 coniungere
862 3367 1021 3434 nobiscum
1044 3386 1115 3434 snas
1131 3387 1218 3434 caras
1241 3369 1273 3435 et
1287 3366 1499 3436 sollicitudines

256 3487 295 3552 ad
317 3489 383 3554 tam
405 3487 593 3572 praeclaram
617 3504 682 3552 rem
703 3482 918 3568 perficiendam
940 3483 1024 3563 velit,
1046 3501 1194 3569 agereque
1216 3503 1286 3550 cum
1308 3485 1371 3550 iste
1393 3482 1498 3567 optimo

255 3605 287 3670 et
308 3603 572 3688 praestantissimo
594 3619 673 3686 rege,
695 3617 751 3665 nec
771 3615 834 3665 non
855 3598 935 3683 apud
956 3598 1033 3665 alios
1056 3598 1109 3665 ubi
1131 3618 1207 3683 opus
1236 3599 1337 3679 inerit
1361 3601 1396 3666 nt
1415 3615 1498 3683 prae-

255 3718 355 3785 dictus
385 3718 513 3785 nuncius
536 3718 639 3784 noster
661 3715 792 3800 benigne
821 3713 986 3798 accipiatm
1015 3732 1052 3779 ac
1073 3714 1223 3800 singulari
1252 3715 1334 3800 regis
1358 3711 1499 3800 sapientia

253 3835 376 3920 terisqm
399 3833 526 3900 monitis
541 3831 700 3916 dirigatis,
722 3849 793 3897 cnm
815 3830 953 3894 nostrum
972 3828 1133 3896 consilium
1156 3830 1196 3896 ad
1218 3829 1340 3898 laudern
1363 3831 1396 3897 et
1413 3829 1498 3896 decus

254 3949 408 4034 imprimis
430 3949 521 4016 istius
544 3949 626 4034 regis
650 3947 692 4012 sit
712 3946 874 4024 intentum,
903 3943 937 4010 in
959 3964 1017 4030 quo
1040 3945 1132 4012 faciel
1152 3945 1251 4012 frat-⁸
1279 3949 1333 4012 tua
1363 3965 1426 4014 rem
1449 3961 1498 4010 nu

254 4066 367 4132 virtute
389 4065 526 4152 dignam,
548 4065 612 4131 Deo
635 4064 667 4129 et
688 4061 777 4128 nobis
798 4060 965 4144 plurimum
981 4061 1145 4144 acceptum.
1189 4061 1307 4128 Datum
1327 4063 1441 4129 Romae
1454 4059 1498 4124 die

253 4181 335 4251 xviii
358 4181 543 4252 Novembris
565 4179 685 4246 mdrxv.
730 4177 819 4244 rinno
842 4175 980 4243 secundo.

349 4432 367 4492 ¹)
386 4433 414 4480 ln
432 4432 477 4480 llne
495 4431 608 4491 epistolae
626 4431 734 4478 notatur:
753 4427 857 4487 Quatnor
874 4427 987 4488 praelatis
1005 4429 1030 4476 et
1048 4427 1146 4477 totidem
1165 4427 1291 4479 nobilibus.
