<?xml version="1.0" encoding="UTF-8"?>
<!DOCTYPE html PUBLIC "-//W3C//DTD XHTML 1.0 Transitional//EN"
    "http://www.w3.org/TR/xhtml1/DTD/xhtml1-transitional.dtd">
<html xmlns="http://www.w3.org/1999/xhtml" xml:lang="en" lang="en">
 <head>
  <title>
</title>
<meta http-equiv="Content-Type" content="text/html;charset=utf-8" />
  <meta name='ocr-system' content='tesseract 3.04.00' />
  <meta name='ocr-capabilities' content='ocr_page ocr_carea ocr_par ocr_line ocrx_word'/>
</head>
<body>
  <div class='ocr_page' id='page_1' title='image "./monumentasaecul00sadogoog_0229.png"; bbox 0 0 3128 4908; ppageno 0'>
   <div class='ocr_carea' id='block_1_1' title="bbox 777 275 1021 338">
    <p class='ocr_par' dir='ltr' id='par_1_1' title="bbox 777 275 1021 338">
     <span class='ocr_line' id='line_1_1' title="bbox 777 275 1021 338; baseline 0 0"><span class='ocrx_word' id='word_1_1' title='bbox 777 275 1021 338; x_wconf 79' lang='lat'>-210-</span> 
     </span>
    </p>
   </div>
   <div class='ocr_carea' id='block_1_2' title="bbox 264 463 1557 2036">
    <p class='ocr_par' dir='ltr' id='par_1_2' title="bbox 264 463 1557 2036">
     <span class='ocr_line' id='line_1_2' title="bbox 268 463 1498 552; baseline 0.002 -23"><span class='ocrx_word' id='word_1_2' title='bbox 268 463 355 532; x_wconf 86' lang='lat' dir='ltr'><strong>affini</strong></span> <span class='ocrx_word' id='word_1_3' title='bbox 377 467 481 532; x_wconf 86' lang='lat' dir='ltr'><strong>nostro</strong></span> <span class='ocrx_word' id='word_1_4' title='bbox 510 465 637 545; x_wconf 80' lang='lat' dir='ltr'><strong>homini,</strong></span> <span class='ocrx_word' id='word_1_5' title='bbox 659 469 695 532; x_wconf 85' lang='lat' dir='ltr'><strong>ut</strong></span> <span class='ocrx_word' id='word_1_6' title='bbox 717 465 784 532; x_wconf 81' lang='lat' dir='ltr'><strong>tute</strong></span> <span class='ocrx_word' id='word_1_7' title='bbox 806 467 875 547; x_wconf 83' lang='lat' dir='ltr'><strong>sois,</strong></span> <span class='ocrx_word' id='word_1_8' title='bbox 897 468 930 533; x_wconf 86' lang='lat' dir='ltr'><strong>et</strong></span> <span class='ocrx_word' id='word_1_9' title='bbox 955 465 1097 550; x_wconf 77' lang='lat' dir='ltr'><strong>prudenti</strong></span> <span class='ocrx_word' id='word_1_10' title='bbox 1119 465 1274 552; x_wconf 83' lang='lat' dir='ltr'><strong>imprimis</strong></span> <span class='ocrx_word' id='word_1_11' title='bbox 1295 469 1327 534; x_wconf 84' lang='lat' dir='ltr'><strong>et</strong></span> <span class='ocrx_word' id='word_1_12' title='bbox 1347 466 1498 534; x_wconf 78' lang='lat' dir='ltr'><strong>eruditori</strong></span> 
     </span>
     <span class='ocr_line' id='line_1_3' title="bbox 266 568 1556 668; baseline 0.002 -22"><span class='ocrx_word' id='word_1_13' title='bbox 266 581 295 646; x_wconf 93' lang='lat' dir='ltr'><strong>is</strong></span> <span class='ocrx_word' id='word_1_14' title='bbox 309 581 593 667; x_wconf 81' lang='lat' dir='ltr'><strong>investigandorum</strong></span> <span class='ocrx_word' id='word_1_15' title='bbox 614 581 762 648; x_wconf 90' lang='lat' dir='ltr'><strong>librorum</strong></span> <span class='ocrx_word' id='word_1_16' title='bbox 783 583 816 648; x_wconf 90' lang='lat' dir='ltr'><strong>et</strong></span> <span class='ocrx_word' id='word_1_17' title='bbox 836 581 1032 649; x_wconf 75' lang='lat' dir='ltr'><strong>instruendae</strong></span> <span class='ocrx_word' id='word_1_18' title='bbox 1046 581 1256 666; x_wconf 84' lang='lat' dir='ltr'><strong>ornandeeqne</strong></span> <span class='ocrx_word' id='word_1_19' title='bbox 1279 585 1401 668; x_wconf 85' lang='lat' dir='ltr'><strong>sumptu</strong></span> <span class='ocrx_word' id='word_1_20' title='bbox 1416 585 1498 650; x_wconf 71' lang='lat' dir='ltr'><strong>noem</strong></span> <span class='ocrx_word' id='word_1_21' title='bbox 1555 568 1556 605; x_wconf 78' lang='lat'>³</span> 
     </span>
     <span class='ocr_line' id='line_1_4' title="bbox 266 696 1496 783; baseline 0.001 -20"><span class='ocrx_word' id='word_1_22' title='bbox 266 696 439 764; x_wconf 79' lang='lat' dir='ltr'><strong>Florentiae</strong></span> <span class='ocrx_word' id='word_1_23' title='bbox 461 697 501 763; x_wconf 86' lang='lat' dir='ltr'><strong>ad</strong></span> <span class='ocrx_word' id='word_1_24' title='bbox 523 696 587 763; x_wconf 87' lang='lat' dir='ltr'><strong>divi</strong></span> <span class='ocrx_word' id='word_1_25' title='bbox 601 697 759 763; x_wconf 82' lang='lat' dir='ltr'><strong>laurentii</strong></span> <span class='ocrx_word' id='word_1_26' title='bbox 781 697 982 764; x_wconf 79' lang='lat' dir='ltr'><strong>bibliothecae</strong></span> <span class='ocrx_word' id='word_1_27' title='bbox 1004 716 1108 764; x_wconf 84' lang='lat' dir='ltr'><strong>euram</strong></span> <span class='ocrx_word' id='word_1_28' title='bbox 1123 696 1399 783; x_wconf 81' lang='lat' dir='ltr'><strong>eogitetionemque</strong></span> <span class='ocrx_word' id='word_1_29' title='bbox 1419 697 1496 764; x_wconf 86' lang='lat' dir='ltr'><strong>susei-</strong></span> 
     </span>
     <span class='ocr_line' id='line_1_5' title="bbox 266 811 1555 896; baseline 0.003 -18"><span class='ocrx_word' id='word_1_30' title='bbox 266 814 360 896; x_wconf 58' lang='lat' dir='ltr'><strong>peret,</strong></span> <span class='ocrx_word' id='word_1_31' title='bbox 383 813 470 896; x_wconf 88' lang='lat' dir='ltr'><strong>eique</strong></span> <span class='ocrx_word' id='word_1_32' title='bbox 492 811 707 878; x_wconf 77' lang='lat' dir='ltr'><strong>mandavimus</strong></span> <span class='ocrx_word' id='word_1_33' title='bbox 729 815 764 878; x_wconf 86' lang='lat' dir='ltr'><strong>ut</strong></span> <span class='ocrx_word' id='word_1_34' title='bbox 786 814 817 879; x_wconf 86' lang='lat' dir='ltr'><strong>ts</strong></span> <span class='ocrx_word' id='word_1_35' title='bbox 839 812 1037 896; x_wconf 89' lang='lat' dir='ltr'><strong>potissimum</strong></span> <span class='ocrx_word' id='word_1_36' title='bbox 1052 811 1189 880; x_wconf 82' lang='lat' dir='ltr'><strong>adiutore</strong></span> <span class='ocrx_word' id='word_1_37' title='bbox 1211 814 1243 879; x_wconf 87' lang='lat' dir='ltr'><strong>et</strong></span> <span class='ocrx_word' id='word_1_38' title='bbox 1265 815 1366 880; x_wconf 83' lang='lat' dir='ltr'><strong>autore</strong></span> <span class='ocrx_word' id='word_1_39' title='bbox 1380 814 1414 880; x_wconf 93' lang='lat' dir='ltr'><strong>in</strong></span> <span class='ocrx_word' id='word_1_40' title='bbox 1433 815 1496 882; x_wconf 86' lang='lat' dir='ltr'><strong>eine·</strong></span> <span class='ocrx_word' id='word_1_41' title='bbox 1554 875 1555 882; x_wconf 74' lang='grc'>,</span> 
     </span>
     <span class='ocr_line' id='line_1_6' title="bbox 267 925 1555 1046; baseline 0.002 -53"><span class='ocrx_word' id='word_1_42' title='bbox 267 927 352 996; x_wconf 91' lang='lat' dir='ltr'><strong>modi</strong></span> <span class='ocrx_word' id='word_1_43' title='bbox 373 947 405 994; x_wconf 91' lang='lat' dir='ltr'><strong>re</strong></span> <span class='ocrx_word' id='word_1_44' title='bbox 427 928 570 994; x_wconf 85' lang='lat' dir='ltr'><strong>uteretur.</strong></span> <span class='ocrx_word' id='word_1_45' title='bbox 618 925 678 1009; x_wconf 78' lang='lat' dir='ltr'><strong>Qui</strong></span> <span class='ocrx_word' id='word_1_46' title='bbox 699 929 843 1013; x_wconf 88' lang='lat' dir='ltr'><strong>quoniam</strong></span> <span class='ocrx_word' id='word_1_47' title='bbox 866 928 959 996; x_wconf 87' lang='lat' dir='ltr'><strong>udte</strong></span> <span class='ocrx_word' id='word_1_48' title='bbox 989 928 1156 1013; x_wconf 83' lang='lat' dir='ltr'><strong>scripturus</strong></span> <span class='ocrx_word' id='word_1_49' title='bbox 1186 931 1242 1008; x_wconf 75' lang='lat' dir='ltr'><strong>est</strong></span> <span class='ocrx_word' id='word_1_50' title='bbox 1271 932 1304 998; x_wconf 86' lang='lat' dir='ltr'><strong>et</strong></span> <span class='ocrx_word' id='word_1_51' title='bbox 1333 931 1497 1016; x_wconf 84' lang='lat' dir='ltr'><strong>apertinsoi</strong></span> <span class='ocrx_word' id='word_1_52' title='bbox 1554 993 1555 1046; x_wconf 30' lang='grc' dir='ltr'>ἢ</span> 
     </span>
     <span class='ocr_line' id='line_1_7' title="bbox 266 1043 1557 1127; baseline 0.002 -17"><span class='ocrx_word' id='word_1_53' title='bbox 266 1043 417 1127; x_wconf 77' lang='lat' dir='ltr'><strong>copiosius</strong></span> <span class='ocrx_word' id='word_1_54' title='bbox 439 1044 575 1111; x_wconf 88' lang='lat' dir='ltr'><strong>mentem</strong></span> <span class='ocrx_word' id='word_1_55' title='bbox 604 1045 741 1112; x_wconf 86' lang='lat' dir='ltr'><strong>nostrum</strong></span> <span class='ocrx_word' id='word_1_56' title='bbox 764 1044 987 1124; x_wconf 76' lang='lat' dir='ltr'><strong>deploraturus,</strong></span> <span class='ocrx_word' id='word_1_57' title='bbox 1017 1043 1176 1112; x_wconf 76' lang='lat' dir='ltr'><strong>hortamur</strong></span> <span class='ocrx_word' id='word_1_58' title='bbox 1204 1043 1395 1114; x_wconf 80' lang='lat' dir='ltr'><strong>devotionern</strong></span> <span class='ocrx_word' id='word_1_59' title='bbox 1423 1047 1497 1120; x_wconf 75' lang='lat' dir='ltr'><strong>tuan</strong></span> <span class='ocrx_word' id='word_1_60' title='bbox 1554 1093 1557 1118; x_wconf 77' lang='grc'><strong>,</strong></span> 
     </span>
     <span class='ocr_line' id='line_1_8' title="bbox 266 1158 1497 1244; baseline 0 -18"><span class='ocrx_word' id='word_1_61' title='bbox 266 1159 302 1226; x_wconf 83' lang='lat' dir='ltr'><strong>uu</strong></span> <span class='ocrx_word' id='word_1_62' title='bbox 323 1158 388 1226; x_wconf 78' lang='lat' dir='ltr'><strong>sus</strong></span> <span class='ocrx_word' id='word_1_63' title='bbox 410 1158 526 1226; x_wconf 75' lang='lat' dir='ltr'><strong>nouus</strong></span> <span class='ocrx_word' id='word_1_64' title='bbox 547 1158 640 1226; x_wconf 77' lang='lat' dir='ltr'><strong>suem</strong></span> <span class='ocrx_word' id='word_1_65' title='bbox 663 1177 785 1226; x_wconf 73' lang='lat' dir='ltr'><strong>omnem</strong></span> <span class='ocrx_word' id='word_1_66' title='bbox 808 1159 928 1240; x_wconf 64' lang='lat' dir='ltr'><strong>nuru</strong></span> <span class='ocrx_word' id='word_1_67' title='bbox 951 1159 1081 1244; x_wconf 62' lang='lat' dir='ltr'><strong>nouus</strong></span> <span class='ocrx_word' id='word_1_68' title='bbox 1103 1160 1135 1226; x_wconf 76' lang='lat' dir='ltr'><strong>u</strong></span> <span class='ocrx_word' id='word_1_69' title='bbox 1156 1160 1190 1228; x_wconf 84' lang='lat' dir='ltr'><strong>u</strong></span> <span class='ocrx_word' id='word_1_70' title='bbox 1204 1159 1284 1226; x_wconf 72' lang='lat' dir='ltr'><strong>uuo</strong></span> <span class='ocrx_word' id='word_1_71' title='bbox 1306 1179 1410 1227; x_wconf 74' lang='lat' dir='ltr'><strong>oum</strong></span> <span class='ocrx_word' id='word_1_72' title='bbox 1431 1159 1497 1235; x_wconf 68' lang='lat' dir='ltr'><strong>vsu</strong></span> 
     </span>
     <span class='ocr_line' id='line_1_9' title="bbox 265 1274 1557 1396; baseline 0.001 -55"><span class='ocrx_word' id='word_1_73' title='bbox 265 1276 301 1341; x_wconf 85' lang='lat' dir='ltr'><strong>nt</strong></span> <span class='ocrx_word' id='word_1_74' title='bbox 323 1292 401 1341; x_wconf 85' lang='lat' dir='ltr'><strong>nova</strong></span> <span class='ocrx_word' id='word_1_75' title='bbox 423 1274 606 1342; x_wconf 75' lang='lat' dir='ltr'><strong>bibliothece</strong></span> <span class='ocrx_word' id='word_1_76' title='bbox 636 1277 688 1341; x_wconf 86' lang='lat' dir='ltr'><strong>tuo</strong></span> <span class='ocrx_word' id='word_1_77' title='bbox 711 1275 831 1356; x_wconf 83' lang='lat' dir='ltr'><strong>auxilio,</strong></span> <span class='ocrx_word' id='word_1_78' title='bbox 861 1274 971 1354; x_wconf 80' lang='lat' dir='ltr'><strong>studio,</strong></span> <span class='ocrx_word' id='word_1_79' title='bbox 1000 1275 1111 1355; x_wconf 73' lang='lat' dir='ltr'><strong>labore</strong></span> <span class='ocrx_word' id='word_1_80' title='bbox 1141 1274 1303 1360; x_wconf 78' lang='lat' dir='ltr'><strong>vigilantia</strong></span> <span class='ocrx_word' id='word_1_81' title='bbox 1332 1275 1429 1360; x_wconf 80' lang='lat' dir='ltr'><strong>possit</strong></span> <span class='ocrx_word' id='word_1_82' title='bbox 1447 1293 1497 1342; x_wconf 88' lang='lat' dir='ltr'><strong>esse</strong></span> <span class='ocrx_word' id='word_1_83' title='bbox 1556 1303 1557 1396; x_wconf 47' lang='lat' dir='ltr'><strong>p</strong></span> 
     </span>
     <span class='ocr_line' id='line_1_10' title="bbox 265 1388 1495 1476; baseline 0 -20"><span class='ocrx_word' id='word_1_84' title='bbox 265 1389 408 1458; x_wconf 75' lang='lat' dir='ltr'><strong>ornatior·</strong></span> <span class='ocrx_word' id='word_1_85' title='bbox 453 1388 519 1456; x_wconf 84' lang='lat' dir='ltr'><strong>Nos</strong></span> <span class='ocrx_word' id='word_1_86' title='bbox 535 1391 566 1456; x_wconf 86' lang='lat' dir='ltr'><strong>et</strong></span> <span class='ocrx_word' id='word_1_87' title='bbox 588 1389 735 1457; x_wconf 88' lang='lat' dir='ltr'><strong>indioium</strong></span> <span class='ocrx_word' id='word_1_88' title='bbox 750 1391 839 1456; x_wconf 90' lang='lat' dir='ltr'><strong>tunm</strong></span> <span class='ocrx_word' id='word_1_89' title='bbox 853 1389 981 1456; x_wconf 87' lang='lat' dir='ltr'><strong>maximi</strong></span> <span class='ocrx_word' id='word_1_90' title='bbox 996 1389 1135 1469; x_wconf 77' lang='lat' dir='ltr'><strong>iadmus,</strong></span> <span class='ocrx_word' id='word_1_91' title='bbox 1158 1390 1299 1458; x_wconf 83' lang='lat' dir='ltr'><strong>norimus</strong></span> <span class='ocrx_word' id='word_1_92' title='bbox 1321 1391 1405 1458; x_wconf 89' lang='lat' dir='ltr'><strong>enim</strong></span> <span class='ocrx_word' id='word_1_93' title='bbox 1418 1409 1495 1476; x_wconf 84' lang='lat' dir='ltr'><strong>quan·</strong></span> 
     </span>
     <span class='ocr_line' id='line_1_11' title="bbox 265 1503 1495 1590; baseline 0.002 -20"><span class='ocrx_word' id='word_1_94' title='bbox 265 1506 332 1570; x_wconf 85' lang='lat' dir='ltr'><strong>tum</strong></span> <span class='ocrx_word' id='word_1_95' title='bbox 356 1505 396 1572; x_wconf 87' lang='lat' dir='ltr'><strong>ad</strong></span> <span class='ocrx_word' id='word_1_96' title='bbox 417 1505 589 1572; x_wconf 78' lang='lat' dir='ltr'><strong>naturalem</strong></span> <span class='ocrx_word' id='word_1_97' title='bbox 612 1507 699 1572; x_wconf 83' lang='lat' dir='ltr'><strong>tuum</strong></span> <span class='ocrx_word' id='word_1_98' title='bbox 713 1503 908 1590; x_wconf 85' lang='lat' dir='ltr'><strong>prudentiam</strong></span> <span class='ocrx_word' id='word_1_99' title='bbox 930 1507 961 1572; x_wconf 84' lang='lat' dir='ltr'><strong>et</strong></span> <span class='ocrx_word' id='word_1_100' title='bbox 983 1525 1057 1572; x_wconf 89' lang='lat' dir='ltr'><strong>usne</strong></span> <span class='ocrx_word' id='word_1_101' title='bbox 1080 1524 1181 1572; x_wconf 89' lang='lat' dir='ltr'><strong>rernm</strong></span> <span class='ocrx_word' id='word_1_102' title='bbox 1195 1506 1334 1574; x_wconf 90' lang='lat' dir='ltr'><strong>omnium</strong></span> <span class='ocrx_word' id='word_1_103' title='bbox 1356 1507 1388 1573; x_wconf 87' lang='lat' dir='ltr'><strong>et</strong></span> <span class='ocrx_word' id='word_1_104' title='bbox 1401 1505 1495 1573; x_wconf 82' lang='lat' dir='ltr'><strong>deoti-</strong></span> 
     </span>
     <span class='ocr_line' id='line_1_12' title="bbox 265 1619 1494 1706; baseline 0.002 -21"><span class='ocrx_word' id='word_1_105' title='bbox 265 1637 322 1685; x_wconf 89' lang='lat' dir='ltr'><strong>nae</strong></span> <span class='ocrx_word' id='word_1_106' title='bbox 336 1619 472 1698; x_wconf 56' lang='lat' dir='ltr'><strong>eumden</strong></span> <span class='ocrx_word' id='word_1_107' title='bbox 496 1620 529 1686; x_wconf 92' lang='lat' dir='ltr'><strong>in</strong></span> <span class='ocrx_word' id='word_1_108' title='bbox 544 1639 647 1688; x_wconf 81' lang='lat' dir='ltr'><strong>umore</strong></span> <span class='ocrx_word' id='word_1_109' title='bbox 662 1639 732 1687; x_wconf 85' lang='lat' dir='ltr'><strong>vero</strong></span> <span class='ocrx_word' id='word_1_110' title='bbox 747 1621 779 1688; x_wconf 89' lang='lat' dir='ltr'><strong>et</strong></span> <span class='ocrx_word' id='word_1_111' title='bbox 792 1620 997 1688; x_wconf 83' lang='lat' dir='ltr'><strong>benivolentia</strong></span> <span class='ocrx_word' id='word_1_112' title='bbox 1018 1639 1092 1705; x_wconf 79' lang='lat' dir='ltr'><strong>erga</strong></span> <span class='ocrx_word' id='word_1_113' title='bbox 1113 1639 1170 1688; x_wconf 91' lang='lat' dir='ltr'><strong>nos</strong></span> <span class='ocrx_word' id='word_1_114' title='bbox 1185 1621 1273 1687; x_wconf 81' lang='lat' dir='ltr'><strong>valde</strong></span> <span class='ocrx_word' id='word_1_115' title='bbox 1287 1621 1494 1706; x_wconf 66' lang='lat' dir='ltr'><strong>amumeoinne</strong></span> 
     </span>
     <span class='ocr_line' id='line_1_13' title="bbox 264 1734 1494 1821; baseline 0.004 -22"><span class='ocrx_word' id='word_1_116' title='bbox 264 1752 357 1818; x_wconf 84' lang='lat' dir='ltr'><strong>quum</strong></span> <span class='ocrx_word' id='word_1_117' title='bbox 380 1734 463 1800; x_wconf 92' lang='lat' dir='ltr'><strong>siin</strong></span> <span class='ocrx_word' id='word_1_118' title='bbox 485 1735 542 1802; x_wconf 89' lang='lat' dir='ltr'><strong>hoo</strong></span> <span class='ocrx_word' id='word_1_119' title='bbox 564 1735 653 1802; x_wconf 88' lang='lat' dir='ltr'><strong>nobis</strong></span> <span class='ocrx_word' id='word_1_120' title='bbox 675 1737 779 1821; x_wconf 79' lang='lat' dir='ltr'><strong>optato</strong></span> <span class='ocrx_word' id='word_1_121' title='bbox 801 1737 892 1821; x_wconf 82' lang='lat' dir='ltr'><strong>etque</strong></span> <span class='ocrx_word' id='word_1_122' title='bbox 921 1737 1076 1820; x_wconf 84' lang='lat' dir='ltr'><strong>expeotnto</strong></span> <span class='ocrx_word' id='word_1_123' title='bbox 1099 1735 1198 1804; x_wconf 84' lang='lat' dir='ltr'><strong>offioio</strong></span> <span class='ocrx_word' id='word_1_124' title='bbox 1220 1738 1320 1803; x_wconf 83' lang='lat' dir='ltr'><strong>totam</strong></span> <span class='ocrx_word' id='word_1_125' title='bbox 1342 1736 1494 1812; x_wconf 71' lang='lat' dir='ltr'><strong>exemeris</strong></span> 
     </span>
     <span class='ocr_line' id='line_1_14' title="bbox 264 1849 1494 1935; baseline 0.001 -20"><span class='ocrx_word' id='word_1_126' title='bbox 264 1849 304 1914; x_wconf 86' lang='lat' dir='ltr'><strong>sd</strong></span> <span class='ocrx_word' id='word_1_127' title='bbox 326 1850 379 1916; x_wconf 84' lang='lat' dir='ltr'><strong>tun</strong></span> <span class='ocrx_word' id='word_1_128' title='bbox 402 1853 504 1916; x_wconf 81' lang='lat' dir='ltr'><strong>vetera</strong></span> <span class='ocrx_word' id='word_1_129' title='bbox 525 1869 598 1935; x_wconf 81' lang='lat' dir='ltr'><strong>erga</strong></span> <span class='ocrx_word' id='word_1_130' title='bbox 613 1851 766 1918; x_wconf 82' lang='lat' dir='ltr'><strong>familiam</strong></span> <span class='ocrx_word' id='word_1_131' title='bbox 788 1853 925 1920; x_wconf 81' lang='lat' dir='ltr'><strong>nostram</strong></span> <span class='ocrx_word' id='word_1_132' title='bbox 940 1851 1051 1917; x_wconf 87' lang='lat' dir='ltr'><strong>merita</strong></span> <span class='ocrx_word' id='word_1_133' title='bbox 1073 1850 1155 1918; x_wconf 89' lang='lat' dir='ltr'><strong>huno</strong></span> <span class='ocrx_word' id='word_1_134' title='bbox 1176 1870 1237 1919; x_wconf 91' lang='lat' dir='ltr'><strong>non</strong></span> <span class='ocrx_word' id='word_1_135' title='bbox 1259 1851 1438 1920; x_wconf 78' lang='lat' dir='ltr'><strong>mediocrem</strong></span> <span class='ocrx_word' id='word_1_136' title='bbox 1452 1871 1494 1916; x_wconf 89' lang='lat' dir='ltr'><strong>ou·</strong></span> 
     </span>
     <span class='ocr_line' id='line_1_15' title="bbox 264 1964 1493 2036; baseline 0.003 -6"><span class='ocrx_word' id='word_1_137' title='bbox 264 1964 383 2030; x_wconf 90' lang='lat' dir='ltr'><strong>mulum</strong></span> <span class='ocrx_word' id='word_1_138' title='bbox 405 1966 570 2033; x_wconf 71' lang='lat' dir='ltr'><strong>aoeessmse</strong></span> <span class='ocrx_word' id='word_1_139' title='bbox 599 1986 705 2034; x_wconf 89' lang='lat' dir='ltr'><strong>sumus</strong></span> <span class='ocrx_word' id='word_1_140' title='bbox 734 1967 946 2035; x_wconf 82' lang='lat' dir='ltr'><strong>existimaturi</strong></span> <span class='ocrx_word' id='word_1_141' title='bbox 992 1967 1109 2033; x_wconf 83' lang='lat' dir='ltr'><strong>Datum</strong></span> <span class='ocrx_word' id='word_1_142' title='bbox 1130 1967 1247 2036; x_wconf 83' lang='lat' dir='ltr'><strong>Romae</strong></span> <span class='ocrx_word' id='word_1_143' title='bbox 1277 1967 1329 2034; x_wconf 91' lang='lat' dir='ltr'><strong>die</strong></span> <span class='ocrx_word' id='word_1_144' title='bbox 1350 1969 1423 2034; x_wconf 80' lang='lat' dir='ltr'><strong>niu</strong></span> <span class='ocrx_word' id='word_1_145' title='bbox 1443 1967 1493 2034; x_wconf 77' lang='lat' dir='ltr'><strong>De</strong></span> 
     </span>
    </p>
   </div>
   <div class='ocr_carea' id='block_1_3' title="bbox 263 2079 831 2150">
    <p class='ocr_par' dir='ltr' id='par_1_3' title="bbox 263 2079 831 2150">
     <span class='ocr_line' id='line_1_16' title="bbox 263 2079 831 2150; baseline 0.009 -5"><span class='ocrx_word' id='word_1_146' title='bbox 263 2079 394 2146; x_wconf 87' lang='lat' dir='ltr'><strong>eembris</strong></span> <span class='ocrx_word' id='word_1_147' title='bbox 417 2080 536 2148; x_wconf 81' lang='lat' dir='ltr'><strong>mdxxr.</strong></span> <span class='ocrx_word' id='word_1_148' title='bbox 580 2081 670 2149; x_wconf 80' lang='lat' dir='ltr'><strong>Anno</strong></span> <span class='ocrx_word' id='word_1_149' title='bbox 692 2082 831 2150; x_wconf 71' lang='lat' dir='ltr'><strong>emendo.</strong></span> 
     </span>
    </p>
   </div>
   <div class='ocr_carea' id='block_1_4' title="bbox 0 0 1568 4908">
    <p class='ocr_par' dir='ltr' id='par_1_4' title="bbox 0 0 1568 4908">
     <span class='ocr_line' id='line_1_17' title="bbox 0 0 1568 4908; baseline 0 3"><span class='ocrx_word' id='word_1_150' title='bbox 0 0 1568 4908; x_wconf 95' lang='lat' dir='ltr'><strong> </strong></span> 
     </span>
    </p>
   </div>
  </div>
 </body>
</html>
