3258 4904
632 293 877 365 -463-

119 487 303 575 principalis
334 487 381 557 sui
409 509 524 559 noanon
553 495 674 576 patente
703 494 820 579 copiam
845 541 975 558 .....
998 491 1204 577 productionis
1226 493 1377 562 diotamm

118 608 310 672 assectarum
333 607 496 674 bullarum.

213 722 359 788 Pressutc
387 723 505 806 prelato
528 723 556 791 d.
579 723 697 790 Joanne
726 725 817 790 Petro
840 725 976 790 Ferretto
1004 726 1196 808 procuratore
1225 725 1376 792 antedicto

120 839 152 902 et
175 837 296 921 prelata
318 839 492 923 acceptante
514 840 547 906 in
569 841 656 925 parte
677 842 708 906 et
730 839 868 924 partibus
890 839 924 905 in
946 839 1017 912 aliis
1032 840 1168 920 minime,
1191 842 1223 906 et
1245 843 1377 926 nogento

120 973 154 1018 sc
177 954 278 1019 tenori
300 954 389 1021 alitor
412 953 450 1020 ad
473 954 696 1036 declarandum,
725 973 766 1021 an
787 955 881 1020 vellet
903 953 1000 1020 dictas
1024 954 1189 1038 scripturas
1212 957 1376 1040 exemplari

120 1068 221 1134 facore
244 1069 293 1134 val
316 1069 478 1154 originalia
500 1071 709 1137 transmittare
739 1089 854 1137 necnon
876 1070 997 1154 potente
1027 1071 1143 1136 moneri
1172 1071 1323 1155 prolatum
1346 1072 1374 1139 d.

119 1183 289 1250 Nicolaum
311 1186 462 1251 assertum
478 1188 701 1268 procuratorem
724 1186 876 1270 prefatum
891 1204 945 1269 pro
961 1185 1131 1253 mutabere
1146 1186 1375 1253 determinanda

118 1301 181 1365 hoc
195 1299 332 1383 prasenti
353 1299 402 1366 die
417 1300 455 1365 ad
470 1301 633 1368 ridendum
649 1302 839 1387 pronuntiari
861 1302 892 1366 et
907 1299 1054 1367 declarari
1071 1300 1153 1367 diota
1171 1302 1376 1386 tramsnmpta

120 1417 152 1480 et
176 1417 316 1499 exempla
338 1414 433 1482 fuisso
455 1417 486 1482 ct
508 1435 575 1482 esse
597 1417 770 1483 auscultata
792 1418 824 1482 et
845 1416 1042 1483 collationato
1063 1435 1133 1482 cum
1156 1415 1248 1482 dictis
1270 1435 1375 1484 aarum

119 1532 152 1596 st
176 1549 231 1596 sau
253 1549 358 1598 sorum
380 1531 590 1616 originalibus,
612 1534 644 1598 at
664 1532 789 1599 inventa
804 1532 899 1598 fuisso
921 1529 1096 1598 concordari
1117 1550 1171 1616 per
1185 1533 1282 1599 dictos
1305 1552 1373 1599 rna·

120 1645 270 1730 gnifioum
301 1645 329 1711 d.
352 1648 536 1730 potestatem
562 1649 594 1713 et
615 1647 860 1715 commissarium
890 1646 1069 1731 deputatum
1092 1649 1127 1712 ut
1149 1666 1241 1731 supra
1269 1649 1300 1714 at
1322 1667 1375 1732 per

119 1779 173 1826 ms
195 1761 350 1827 notunnm
364 1761 594 1846 infrascriptum
616 1764 647 1829 et
669 1761 887 1828 adridendum
909 1761 1100 1846 pronuntiari
1121 1764 1153 1828 st
1175 1762 1322 1829 declarari
1337 1763 1374 1829 de

121 1878 222 1942 cataro
245 1877 277 1942 et
297 1877 331 1943 in
360 1879 539 1962 perpetuum
569 1877 661 1945 fidem
690 1878 859 1963 plenariam
881 1879 914 1943 et
934 1877 1140 1944 indubitatam
1169 1877 1373 1946 adhibendam

120 2011 190 2058 esse
213 1991 305 2058 dictis
327 1993 473 2077 exemplis
495 1994 529 2059 in
557 1993 669 2060 iudicio
692 1995 724 2059 et
745 1995 830 2060 extra
860 1991 940 2060 sicut
961 1993 1091 2077 propriis
1114 1995 1146 2059 et
1167 1994 1247 2060 ueris
1276 1994 1372 2079 origi-

119 2107 245 2174 nalibus
262 2109 326 2174 suis
346 2128 462 2175 necnon
476 2109 688 2177 auctoritatem
703 2111 735 2176 ct
749 2087 903 2176 decretum
918 2108 1031 2193 paritor
1046 2109 1198 2194 interponi
1219 2110 1331 2194 profati
1345 2109 1374 2176 d.

120 2223 327 2290 commissarii
343 2225 488 2291 matiam
502 2244 640 2292 cesarem
654 2225 826 2292 maiestatis
841 2226 873 2290 st
892 2224 977 2292 omni
998 2224 1058 2290 alio
1074 2225 1193 2293 meliori
1214 2225 1304 2294 modo
1319 2228 1374 2292 eto.

211 2340 358 2406 Proscnte
373 2340 456 2407 dicto
479 2341 601 2408 domino
616 2339 744 2407 Nicolao
766 2341 798 2407 et
819 2339 946 2424 prefatis
968 2358 1029 2407 non
1044 2341 1250 2408 consentiente
1272 2343 1304 2408 et
1318 2360 1373 2408 ne·

120 2457 216 2541 ganta
239 2455 337 2522 dictas
360 2457 461 2541 copias
477 2457 572 2523 lirisso
594 2457 804 2541 transumptus
827 2457 858 2522 et
872 2455 1058 2540 exemplatas
1081 2475 1152 2522 oum
1173 2455 1374 2540 originalibus

120 2571 326 2655 transumptis
341 2591 377 2637 ax
390 2573 592 2658 originalibus
607 2572 746 2657 legitima
761 2571 852 2637 factis
867 2571 1004 2656 quinimo
1024 2572 1124 2639 solum
1139 2571 1234 2638 fuisso
1248 2573 1372 2638 auscul-

120 2689 203 2752 tatas
218 2707 290 2753 cum
304 2688 399 2772 copiis
415 2689 450 2754 ut
464 2707 500 2754 ax
519 2688 706 2773 inspectione
720 2687 856 2770 ipsarum
872 2685 1026 2770 copiarum
1041 2689 1175 2771 apparet,
1197 2686 1374 2773 dicenteque

120 2804 275 2887 prefatum
297 2823 321 2870 r.
344 2803 372 2869 d.
394 2805 618 2888 procuratorem
640 2803 738 2870 teneri
760 2805 791 2869 et
813 2803 983 2888 obligatum
1006 2822 1074 2869 esse
1095 2802 1194 2870 dicere
1217 2806 1248 2870 et
1270 2804 1371 2872 decla·

120 2939 187 2986 rare
209 2921 316 2985 utrum
330 2918 470 2986 intendm
491 2921 627 3004 presenti
648 2918 697 2986 die
720 2919 885 3003 exemplari
900 2918 998 2985 facore
1019 2918 1068 2985 vel
1083 2937 1129 2998 ne,
1152 2920 1224 3004 quia
1246 2921 1300 2987 ubi
1321 2921 1371 2986 in·

119 3034 221 3102 tendit
243 3035 407 3119 exemplari
434 3035 531 3102 lacere
553 3036 621 3102 vult
648 3054 716 3103 esse
737 3053 862 3120 presens
885 3034 987 3101 videre
1016 3034 1120 3101 andus
1142 3036 1174 3102 at
1201 3035 1372 3120 intelligere

119 3149 201 3216 dicto
225 3151 362 3234 exemplo
392 3151 437 3217 sic
464 3150 563 3217 fiendo
585 3151 622 3217 de
644 3151 735 3217 dictis
765 3151 859 3217 bullis
881 3152 913 3216 st
941 3150 1155 3216 instrumentis
1182 3153 1213 3216 et
1236 3151 1263 3216 si
1286 3169 1372 3217 secus

119 3266 238 3332 lactum
260 3265 353 3332 fuerit
374 3268 562 3351 protestante
584 3267 621 3333 da
643 3267 786 3333 nullitate
808 3267 893 3332 omni
915 3265 1035 3333 meliori
1057 3265 1146 3332 modo
1169 3266 1224 3332 eto.

210 3377 272 3460 Qui
293 3381 475 3467 magnificus
498 3383 526 3450 d
556 3383 692 3468 potestas
721 3384 753 3449 ot
775 3381 1003 3449 commissarius
1034 3380 1140 3448 sedans
1169 3382 1225 3448 etc.
1254 3380 1372 3464 prelata

119 3496 249 3564 admisit
272 3497 299 3563 si
321 3499 352 3563 et
373 3497 407 3563 in
429 3499 586 3583 quantum,
616 3500 647 3564 et
668 3499 745 3565 visis
767 3500 798 3564 at
819 3497 933 3564 auditis
955 3496 1083 3581 prelatis
1112 3496 1231 3564 monuit
1253 3498 1371 3580 partem

119 3613 193 3680 hinc
216 3613 286 3679 inde
308 3632 362 3698 pro
377 3615 463 3697 parte
486 3613 535 3680 die
549 3615 625 3680 hora
646 3614 727 3680 xxiii.
742 3613 774 3680 ct
796 3614 916 3680 monuit
937 3613 1040 3697 ipsum
1062 3612 1090 3679 d
1107 3611 1268 3678 Nicolaum
1291 3610 1372 3676 dicto

120 3729 244 3795 nomine
267 3728 306 3794 ad
327 3728 571 3796 interessendum
593 3729 740 3796 hodierna
762 3729 811 3795 die
833 3729 903 3814 post
932 3727 1094 3812 prandium
1115 3726 1317 3793 incontinenti
1338 3727 1371 3794 in

119 3842 211 3911 domo
241 3843 357 3910 domini
385 3845 561 3930 Aquilantis
590 3845 736 3912 antedicti
766 3845 800 3910 in
828 3844 952 3910 civitate
982 3844 1144 3910 Ravennae
1172 3842 1205 3908 in
1234 3845 1372 3909 contrata

120 3961 221 4025 sanati
242 3957 368 4045 Georgii
390 3960 429 4026 ad
443 3960 608 4027 videndum
630 3961 730 4027 iurare
753 3960 870 4026 dictum
892 3959 1133 4044 quuilantem
1156 3961 1187 4024 ct
1209 3958 1248 4024 ad
1263 3957 1370 4025 vidan-

120 4074 195 4141 dum
218 4074 315 4142 dictas
340 4076 506 4161 scripturas
529 4077 702 4162 recognosci
725 4078 756 4142 ct
778 4076 840 4143 alia
861 4075 1008 4160 producta
1029 4093 1082 4159 pro
1104 4077 1190 4159 parte
1214 4094 1237 4142 s.
1256 4074 1373 4141 domini

119 4191 219 4258 nostri
240 4194 276 4257 ut
298 4211 390 4277 supra
411 4193 543 4278 potitum
566 4195 613 4259 est
635 4196 666 4260 et
689 4194 854 4259 terminum
883 4191 993 4257 statuit
1015 4192 1143 4275 quatuor
1165 4191 1309 4257 horarum
1332 4191 1371 4257 ad

119 4307 357 4392 presentandum
380 4308 622 4394 interrogatoris,
646 4309 673 4375 si
688 4327 764 4393 quae
787 4309 858 4375 dare
873 4309 921 4374 vel
944 4306 1041 4372 facere
1062 4300 1194 4375 intendit
1216 4325 1269 4389 pro
1284 4307 1371 4389 parts

119 4423 164 4490 ill.
188 4423 305 4493 domini
327 4423 412 4491 ducis
435 4425 590 4492 Farrar·iac
612 4426 699 4491 tenor
721 4426 823 4492 summ
846 4423 1048 4510 capitulorum
1070 4422 1187 4489 enbibit
1208 4441 1262 4507 pro
1284 4423 1370 4508 parba
