3258 4904
677 337 922 406 -483-·—

261 535 407 602 Presente
429 536 511 603 dicto
533 557 556 601 r.
573 534 696 602 domino
710 535 829 603 loanna
851 536 942 603 Petro
960 535 1097 602 Ferretto
1119 535 1312 619 procuratore
1333 535 1422 602 ante·

170 654 253 722 dicto
277 655 309 721 ct
336 652 481 737 predictis
511 653 645 718 instante
675 654 706 718 et
734 653 856 736 petente
885 651 1077 737 pronunciari
1105 651 1137 717 et
1165 649 1313 717 declarari
1340 649 1423 716 dicta

171 771 366 854 transumpta
381 769 554 836 concordari
576 768 700 834 inventa
716 787 786 834 cunr
809 767 900 836 dictis
916 767 1046 853 propriis
1069 765 1272 852 originalibus
1294 768 1325 832 et
1344 766 1421 833 scri·

170 886 271 972 pteris
294 887 421 970 repertis
443 887 477 952 in
499 885 580 952 dicto
603 885 737 952 archivio
759 885 881 969 publico
904 884 999 950 fuisse
1017 885 1130 950 stesso
1151 881 1424 966 aucmritammque

170 1003 286 1088 pariter
308 1004 339 1069 et
361 1001 515 1068 decretum
542 1001 653 1087 prefati
683 1001 799 1067 domini
828 1000 990 1086 potestatis
1012 1001 1044 1066 et
1066 998 1271 1067 commissarii
1293 1015 1328 1064 ao
1351 1015 1422 1063 ma-

169 1120 292 1186 iestatis
314 1135 470 1185 caesareae
491 1117 644 1201 interponi
665 1118 750 1184 omni
771 1117 892 1184 meliori
913 1116 1003 1183 modo
1019 1117 1074 1182 etc.
1089 1116 1121 1181 et
1143 1115 1200 1182 hoc
1214 1114 1248 1180 in
1270 1115 1423 1199 presentia

170 1235 282 1318 prefati
304 1234 421 1301 domini
440 1232 565 1300 Nicolai
586 1232 788 1318 procuratoris
810 1232 938 1318 predicti
960 1233 1004 1298 ill.
1027 1230 1144 1298 domini
1166 1229 1252 1296 decis
1273 1229 1423 1314 presentis

168 1354 200 1419 et
223 1349 384 1418 audientis.

259 1465 319 1549 Qui
341 1467 524 1552 magnificus
546 1467 574 1534 d
597 1467 733 1551 potestas
756 1465 788 1532 et
802 1465 1033 1533 commissarius
1055 1466 1091 1531 ut
1113 1482 1205 1548 supra
1227 1460 1336 1530 sedens
1351 1481 1421 1546 pre·

170 1584 253 1651 dicta
275 1583 403 1650 admisit
425 1584 453 1648 si
475 1584 507 1650 et
529 1583 562 1648 in
584 1583 742 1667 quantum,
772 1582 802 1648 et
825 1579 900 1647 visis
924 1580 1064 1660 testibus,
1094 1579 1275 1647 examinatis
1298 1579 1330 1646 et
1350 1578 1423 1644 aliis

169 1699 242 1767 hinc
264 1701 296 1766 et
317 1698 389 1766 inde
411 1698 567 1781 productis
589 1700 621 1764 et
643 1699 710 1764 visa
740 1697 925 1764 extractione
947 1696 1098 1763 dictarum
1128 1695 1348 1780 scripturarum
1369 1712 1423 1778 per

169 1816 336 1900 ipsummet
364 1815 393 1881 d
424 1814 670 1882 commissarium
693 1833 728 1880 ex
759 1812 840 1880 dicto
864 1811 998 1878 archivio
1028 1826 1080 1878 sau
1103 1811 1263 1897 cartilogio
1284 1829 1420 1895 pronun·

168 1931 261 1998 cievit
282 1932 314 1997 et
337 1929 502 1996 declaravit
523 1929 660 2013 predicta
682 1929 877 2012 transumpta
899 1926 1074 1994 concordari
1103 1945 1173 1992 cum
1195 1925 1287 1993 dictis
1309 1923 1421 1991 matri·

168 2048 254 2113 cibus
276 2047 489 2114 auctoritatem
512 2045 726 2111 instrumentis
759 2045 966 2110 monumentis
996 2043 1185 2110 documentis
1208 2042 1239 2108 et
1261 2039 1422 2123 scripturis

167 2165 300 2230 inuentis
315 2168 348 2228 ln
363 2162 445 2228 dicto
460 2161 533 2240 loco,
556 2160 825 2239 etauctoritatem,
848 2162 880 2225 at
902 2159 1055 2226 decretum
1072 2177 1170 2238 suum,
1193 2158 1225 2224 et
1245 2156 1319 2223 dicti
1335 2174 1420 2224 com·

167 2279 361 2346 missariatus
379 2277 523 2344 uidelicet
542 2293 698 2342 caesareae
723 2275 895 2342 maiestatis
914 2275 1097 2359 interposuit
1113 2275 1146 2340 et
1162 2273 1256 2339 fidem
1270 2271 1420 2338 adhiben-

166 2395 238 2462 dum
256 2395 352 2462 fuisse
366 2395 398 2461 et
421 2412 488 2461 esse
511 2392 545 2458 in
566 2391 679 2458 iudicio
694 2393 725 2458 et
747 2394 832 2458 extra
854 2389 998 2456 similiter
1018 2388 1231 2475 pronunciarit
1246 2386 1329 2454 omni
1350 2405 1416 2453 me·

165 2511 236 2578 lieri
259 2509 350 2577 modo
373 2512 429 2576 etc.

255 2627 400 2693 Pmsente
423 2624 503 2692 dicto
527 2623 554 2690 d.
571 2622 700 2690 Nicolao
723 2623 804 2690 dicto
819 2621 942 2689 nomine
964 2621 996 2688 et
1016 2619 1182 2687 inherendo
1197 2618 1339 2685 omnibus
1361 2616 1416 2684 de·

166 2743 274 2822 ductis,
297 2745 329 2808 et
350 2741 482 2825 exceptis
511 2759 565 2825 per
587 2759 657 2805 eum
687 2739 805 2806 dicente
835 2758 896 2805 nen
925 2737 1095 2804 consentire
1123 2735 1271 2821 predictis
1300 2734 1361 2802 nisi
1383 2735 1417 2801 in

164 2862 249 2943 parte
273 2860 304 2925 et
326 2858 465 2941 pertibus
488 2856 618 2922 faciente
640 2875 694 2938 pro
716 2854 760 2921 ill.
784 2854 812 2920 d.
836 2854 911 2921 duce
932 2853 1094 2938 principali
1117 2872 1179 2920 suo.

252 2975 330 3040 heta
353 2973 476 3039 buerunt
497 2972 572 3037 haec
594 2971 698 3038 omnia
720 2969 894 3053 supradicta
919 2969 953 3035 in
976 2968 1101 3035 civitate
1123 2969 1285 3034 Ravenme
1308 2967 1341 3034 in
1363 2987 1414 3034 ec·

164 3089 255 3155 clesia
277 3088 445 3155 cathedrali
469 3107 521 3154 seu
537 3087 771 3170 metropolitana
791 3085 983 3168 presentibus
1006 3083 1170 3169 magnifico
1186 3083 1309 3151 domiuo
1323 3083 1415 3150 Petro

164 3203 328 3289 Sperindso
351 3204 388 3270 de
409 3204 493 3269 Fano
517 3251 1053 3269 ..................
1076 3199 1114 3266 de
1136 3201 1209 3266 urbe
1232 3198 1259 3264 d.
1276 3196 1415 3265 Cornelio

163 3319 340 3387 blonaldiuo
363 3319 506 3386 canonico
531 3319 652 3384 sanotae
675 3316 863 3383 Ravennatis
886 3315 1038 3396 ecclesiae
1065 3317 1097 3383 et
1119 3316 1219 3383 donno
1241 3314 1362 3382 Bellino
1385 3336 1413 3399 q.

162 3435 337 3502 Melcbioris
360 3435 487 3501 Ranutii
515 3433 623 3502 elerico
645 3432 870 3499 Ravennatensi
893 3431 1024 3498 testibus
1047 3432 1085 3497 ad
1108 3431 1243 3516 predicta
1265 3429 1413 3497 adhibitis

163 3552 278 3620 vocetis
301 3550 473 3636 specialiter
494 3552 585 3634 atque
608 3549 732 3635 rogatis.

250 3669 291 3734 Et
312 3686 369 3752 ego
391 3666 525 3733 Joennes
548 3666 727 3732 Franciscus
749 3663 921 3732 Bonincasa
942 3663 1079 3730 noterius
1101 3663 1275 3748 progatus
1297 3663 1352 3728 etc.

250 3785 290 3849 nt
311 3801 368 3868 ego
391 3782 525 3848 Josnnes
547 3781 681 3847 Jacobus
704 3781 787 3846 lilius
815 3799 842 3863 q.
867 3779 1032 3865 supradicti
1055 3778 1082 3844 d.
1106 3776 1236 3846 loannis
1257 3776 1412 3844 brenensi

161 3896 435 3966 Benincaseacivis
444 3897 687 3963 Ravennatausis
703 3895 842 3978 publicus
857 3894 1023 3979 apostolice
1032 3893 1366 3973 auctoritatenotarius,
1381 3895 1413 3960 et

158 4013 248 4082 iudex
278 4013 449 4080 ordinarius
479 4010 669 4096 supradictos
691 4030 850 4094 processus
872 4010 923 4078 iol
946 4028 994 4076 no.
1018 4013 1059 4078 31
1084 4028 1120 4075 cx
1144 4008 1243 4092 ipsius
1270 4007 1411 4094 prefatio.

159 4129 269 4215 primis
284 4129 346 4195 mei
360 4126 527 4214 rogatibus,
550 4128 581 4192 et
596 4127 792 4212 prothocollis
806 4125 1009 4192 transcribere
1031 4123 1089 4191 ieci
1104 4123 1205 4190 aliena
1218 4143 1312 4190 manu
1331 4123 1411 4191 mibi

159 4244 220 4311 fida
242 4243 280 4310 de
303 4243 393 4310 verbo
423 4242 462 4308 ad
491 4243 617 4309 verbum
648 4244 737 4326 prout
764 4242 852 4322 iacet
876 4241 921 4307 nil
951 4239 1055 4307 addito
1084 4240 1132 4306 rel
1155 4237 1307 4306 diminuto
1329 4238 1409 4324 quod

160 4379 284 4428 sensum
311 4361 412 4426 mutet
439 4359 487 4424 vel
516 4357 614 4424 variet
641 4357 831 4424 intellectum
855 4377 890 4424 er
912 4355 1093 4422 auctomtate
1121 4352 1200 4421 mihi
1227 4372 1411 4421 concessae

158 4474 322 4562 magnifice
344 4472 372 4541 d.
396 4474 546 4559 potestate
568 4474 730 4541 &vennae
751 4473 874 4540 levandi
896 4473 928 4540 et
950 4468 1180 4538 authenticandi
1202 4488 1406 4556 quoscumque

1183 4575 1245 4647 31*
1477 4597 1484 4609 .
