3258 4904
634 304 878 372 -481-

123 503 221 568 fuisse
237 519 316 568 anno
332 502 500 567 dominicae
515 501 733 566 incarnationis
749 501 1012 584 noningentesimo
1027 504 1225 586 nonagesimo
1249 508 1378 590 septimo

124 619 173 684 die
197 617 393 684 calendarum
416 617 566 680 Maiarum
582 615 748 681 indictione
771 615 809 680 xi.
826 615 883 681 snb
906 615 1144 682 clementissimo
1160 619 1287 704 imperio
1309 642 1376 689 me·

124 733 239 800 morati
262 733 408 816 principis
432 730 555 798 Ottouis
578 731 661 795 tertii
691 730 744 794 ubi
766 731 916 796 eiusmodi
938 732 1029 796 verba
1058 733 1171 816 scripta
1192 738 1283 820 atque
1305 757 1376 804 era-

127 851 193 914 rata
216 849 369 932 leguntur,
393 845 544 913 videlicet:

218 963 462 1047 „Perpetaaliter
478 962 609 1028 Domino
625 963 728 1026 nostro
743 960 818 1026 Jasn
834 958 954 1027 Christo
969 967 1116 1046 regnanto
1138 970 1244 1048 quarta
1263 967 1379 1037 decurro

125 1099 205 1146 anno
229 1081 299 1164 post
321 1078 521 1143 millesimum
549 1077 722 1142 divinitatis
744 1077 944 1142 mortalitatis
973 1083 1148 1163 assumptae
1172 1092 1228 1146 sub
1252 1083 1378 1168 imperio

125 1195 288 1261 clementis
318 1194 443 1278 angusti
470 1192 586 1258 domini
610 1192 733 1258 Haurici
763 1192 797 1257 in
824 1192 914 1258 tertio
937 1213 1016 1260 anno
1043 1214 1098 1278 per
1125 1199 1264 1279 quartam
1296 1185 1378 1266 (1003.

126 1331 210 1376 mam
226 1309 424 1392 olimpiadem
448 1309 543 1392 pridie
558 1307 752 1373 calandamm
771 1307 922 1373 Maiarum
938 1314 1122 1394 congregata
1135 1315 1184 1378 est
1198 1315 1380 1382 venerabilis

127 1427 252 1493 sinodus
281 1427 404 1509 patrum
433 1424 466 1488 in
495 1423 623 1489 ecclesia
644 1424 871 1489 Ravennalensi
900 1424 949 1488 oui
978 1427 1156 1492 vccabulum
1180 1430 1229 1494 est
1258 1433 1380 1497 sanctae

128 1541 371 1610 Resurrectionis
393 1540 472 1606 inira
496 1541 599 1623 portas
622 1538 752 1604 maiores
775 1539 831 1602 sub
854 1539 989 1623 imagine
1013 1538 1180 1607 Salvatoris
1209 1545 1380 1628 presidente

130 1661 162 1724 in
182 1679 215 1724 aa
240 1657 436 1723 sanctissimo
464 1675 498 1721 ac
530 1654 694 1720 vonerabili
717 1655 851 1720 Arnaldo
880 1656 1104 1741 archiepiscopo
1134 1659 1215 1724 sodis
1244 1661 1380 1729 eiusdem

132 1774 280 1858 simulque
303 1791 373 1838 oum
396 1790 431 1838 eo
454 1771 648 1837 celeberrimo
678 1773 768 1853 atque
793 1771 823 1834 in
847 1768 968 1837 Christo
999 1771 1179 1840 fidelissimo
1202 1773 1379 1860 Sigantredo

129 1887 354 1955 Placentinensi
384 1888 523 1970 episeopo
553 1887 681 1970 aliisque
705 1887 843 1970 patribus
866 1888 1005 1971 pluribus
1028 1890 1188 1970 Aemiliae,
1211 1893 1380 1960 Flaminiae

127 2007 217 2088 atque
241 2004 416 2086 Pentapolis
448 2002 672 2086 provinciarum
702 2005 858 2066 exarcatus
881 2003 1044 2070 Ravennae
1073 2025 1142 2071 cum
1173 2008 1280 2074 multis
1310 2009 1381 2076 aliis

127 2120 315 2185 diversorum
340 2119 480 2184 ordinum
504 2118 647 2183 ecclesiae
670 2120 792 2183 sanotae
809 2117 881 2192 Dei;
904 2119 1034 2184 relatum
1050 2122 1097 2184 est
1113 2121 1145 2185 in
1164 2123 1277 2205 synodo
1300 2124 1380 2208 quod

127 2237 157 2300 in
182 2235 332 2300 viduitate
353 2233 496 2299 ecclesiae
518 2234 760 2298 Ravennalensia
782 2251 858 2315 qnae
880 2251 932 2315 pro
955 2235 1087 2316 peccatis
1110 2237 1224 2302 nostris
1240 2239 1380 2305 undecim

127 2352 215 2416 annis
232 2351 324 2415 vidua
346 2349 491 2428 mansit“‚
514 2351 545 2413 et
568 2349 683 2432 reliqua
705 2350 794 2432 prout
810 2349 976 2431 sequuntur
998 2350 1031 2414 in
1053 2349 1134 2415 diota
1156 2353 1269 2436 synodo
1285 2374 1379 2438 usquo

128 2468 165 2532 ad
189 2467 283 2532 finem
306 2466 392 2530 ouius
416 2466 471 2544 ost,
496 2467 549 2542 „et
571 2465 598 2529 si
620 2465 709 2529 aliter
732 2464 837 2529 lecerit
859 2465 1069 2531 communione
1092 2467 1256 2550 privetur“.

217 2583 262 2646 nr
278 2581 498 2646 libroPomerii
514 2581 657 2646 ecclesiae
666 2579 909 2646 Ravennatensis
924 2581 1009 2646 cuius
1024 2581 1207 2666 principium
1224 2587 1271 2650 est
1282 2587 1380 2664 ¹‚liber

131 2697 303 2762 Pomerium
319 2697 461 2762 ecclesiae
478 2696 718 2761 Ravennalensis
733 2695 842 2778 incipit
856 2695 1021 2760 instantiae
1038 2715 1109 2763 suae
1126 2699 1312 2766 venerandae
1335 2721 1378 2784 pr.
1447 2675 1449 2682 Ι

133 2812 260 2878 llicbacl
284 2813 406 2876 sanotae
428 2811 669 2876 Ravennatensis
693 2811 866 2888 eeclesiaa'‚
884 2813 915 2876 et
937 2812 1006 2894 post
1028 2811 1103 2876 duas
1125 2816 1225 2880 cartas
1251 2817 1381 2900 „incipit

135 2929 206 2994 liber
228 2928 391 2994 Rieobaldi
413 2925 615 2992 Ferrariensis
639 2925 675 2991 de
702 2926 809 2990 istoria
831 2927 970 2992 Romana
999 2928 1031 2991 et
1060 2927 1096 2992 de
1126 2929 1197 2994 aliis
1227 2932 1381 3015 congestis

143 3043 308 3126 compendio
324 3062 342 3107 a
358 3042 465 3108 mundi
480 3041 630 3125 principio
646 3039 788 3124 usquead
797 3041 870 3106 baec
886 3041 1024 3124 tempora
1039 3042 1147 3126 incipit
1161 3044 1240 3110 liber
1254 3046 1380 3130 primns,

138 3160 373 3241 etpostmodum
388 3159 522 3222 excelsus
538 3157 621 3220 Dens
638 3156 717 3220 siout
732 3175 784 3238 per·
800 3155 932 3222 scribam
956 3165 1045 3222 suurn
1061 3156 1207 3241 11011111κ
1232 3160 1285 3242 qui
1303 3159 1381 3225 liber

137 3274 240 3339 estin
268 3271 457 3338 membranis
488 3273 679 3354 pervetustus
709 3272 740 3335 et
769 3273 906 3336 servatur
928 3271 961 3335 in
991 3271 1172 3356 supradicta·
1197 3273 1381 3341 bibliotheca

136 3391 253 3456 sanctae
262 3387 505 3454 Ravennatensis
521 3385 663 3451 ecclesiae
673 3385 875 3470 paginamque
884 3389 1025 3468 quartam
1040 3387 1153 3471 pictam
1163 3406 1229 3454 esse
1239 3390 1381 3455 omnibus

136 3505 257 3588 apparet
279 3503 407 3587 picturis
429 3503 461 3567 in
484 3502 623 3585 margine
639 3500 764 3565 variatis
787 3520 857 3566 oum
879 3501 1054 3585 insignibus
1077 3503 1232 3568 nonnullis
1255 3506 1287 3570 et
1301 3504 1381 3570 oiroa

137 3620 226 3685 finem
247 3620 345 3704 ipsius
367 3618 440 3684 libri
456 3618 605 3682 tractatur
627 3616 664 3682 de
687 3617 861 3701 regionibus
877 3618 1021 3701 Europae,
1044 3620 1075 3683 et
1097 3617 1134 3684 de
1156 3617 1287 3684 aliarum
1309 3638 1380 3703 pro-

138 3735 302 3802 vinciarum
326 3734 526 3818 descriptione
555 3735 587 3799 et
609 3731 646 3798 de
669 3732 807 3815 partibus
830 3731 939 3797 Italiae
968 3732 1048 3798 inter
1070 3753 1146 3818 quas
1168 3735 1328 3815 Flaminia
1351 3738 1382 3803 et

137 3851 266 3916 Aemilia
289 3869 356 3916 esse
379 3850 569 3934 reperiuntur
591 3851 623 3913 et
644 3849 678 3914 in
700 3847 808 3932 primis
832 3848 868 3913 de
891 3848 1043 3914 Flaminia
1066 3849 1165 3933 capita
1183 3850 1247 3916 LX.
1264 3851 1308 3917 sio
1330 3851 1380 3917 in-

138 3967 242 4049 quiens
266 3967 413 4032 videlicet.

228 4083 373 4159 ‚Decima
396 4082 549 4147 Flaminia
572 4099 590 4145 a
613 4079 764 4145 Flaminio
786 4080 905 4163 preside
928 4081 960 4145 in
987 4098 1047 4165 qua
1070 4084 1141 4147 sunt
1163 4082 1324 4148 Ravenme
1352 4085 1384 4149 et

140 4198 268 4281 quinque
284 4199 362 4262 aliae
378 4199 527 4274 civitates,
550 4198 581 4262 et
597 4197 750 4274 Faventia,
767 4197 955 4274 Forumlivii
971 4197 1231 4281 Forumpompilii,
1251 4195 1383 4264 Caesena

141 4317 171 4377 ct
193 4311 303 4393 Carris,
326 4312 364 4378 de
385 4312 545 4392 Adminio,
567 4311 601 4376 in
624 4311 715 4377 dubio
738 4331 810 4376 nam
834 4310 958 4395 quidam
981 4312 1142 4395 scriptores
1168 4312 1294 4378 tradunt
1316 4332 1383 4379 sam

142 4429 244 4494 urbem
266 4428 445 4495 altomanis
464 4429 496 4495 in
513 4425 615 4492 Gallia
638 4427 791 4494 conditam
814 4427 909 4493 etsie
932 4427 991 4492 erit
1012 4427 1045 4492 in
1060 4427 1221 4507 Flaminia,
1244 4429 1384 4494 Lucanus

197 4554 290 4600 apaan·
305 4555 412 4592 0111111111
427 4555 472 4594 1111,
1182 4538 1223 4604 31
