3152 4902
758 250 982 318 ..98-

247 443 273 510 si
296 443 406 511 moniti
428 444 522 510 etiam
551 441 648 511 edicto
678 444 798 528 pubhco
829 446 886 512 sub
914 446 1043 511 honesto
1073 447 1205 514 termino
1233 448 1274 516 ad
1303 447 1473 517 residendum

244 564 343 630 venire
367 560 562 646 neglexerint
585 560 623 624 ad
647 561 798 644 stipendia
821 561 957 627 militum
980 563 1086 627 contra
1108 563 1231 630 eosdem
1253 565 1365 631 Turnus
1386 568 1414 633 et
1433 566 1473 631 in·

244 681 346 746 fideles
369 677 513 746 vertendi.
537 676 709 760 similiaque
731 677 793 741 alia
815 697 891 761 quae
914 676 953 742 ad
976 695 1082 760 pacem
1105 681 1137 744 et
1152 679 1299 746 solatium
1321 682 1472 746 minaeum

241 797 428 878 tutelamque
450 793 572 859 illorum
595 793 773 875 populorum
796 793 947 876 pertinere
968 794 1000 859 et
1021 793 1112 859 utilia
1134 813 1201 860 esse
1223 794 1290 878 ipse
1313 795 1473 862 iudicaretis

241 931 311 977 oum
333 910 436 977 dehita
458 907 662 974 moderatione
684 908 803 991 agendi,
827 909 962 990 amplam
978 911 1081 974 tenore
1104 909 1292 992 presentium
1315 912 1472 978 honitatem
1568 931 1570 979 2

240 1026 431 1092 concedimus
463 1023 556 1088 simul
579 1025 609 1087 et
631 1025 821 1106 potestatem.
868 1022 938 1088 Nou
960 1023 1157 1090 obstantibus
1187 1027 1332 1093 omnihus
1359 1027 1473 1110 quaein
1568 1051 1570 1096 1

240 1141 425 1207 eontrarium
448 1139 514 1205 visa
537 1138 650 1204 fuerint
671 1139 800 1204 obstare.

837 1517 889 1579 68.

750 1679 978 1740 Eboracensl.

326 1833 443 1900 Dilecta
464 1831 511 1898 lili
534 1833 644 1898 noster.
689 1831 847 1899 Adventus
870 1833 922 1898 dil.
945 1833 1003 1900 lilii
1018 1831 1159 1920 Gregorii
1173 1834 1292 1904 creans
1314 1839 1366 1924 qui
1387 1857 1405 1904 a
1423 1841 1472 1904 tua

236 1946 501 2033 circumspectione
530 1949 561 2012 et
590 1947 650 2012 isto
680 1948 874 2015 serenissimo
903 1969 974 2034 rege
997 1950 1112 2017 missum
1140 1953 1190 2018 est
1218 1973 1373 2020 summam
1393 1953 1472 2020 nobis

235 2066 342 2133 attulit
355 2063 558 2146 voluptatem
580 2062 680 2147 gavisi
695 2063 778 2129 euim
802 2083 907 2130 sumus
930 2084 978 2130 res
1001 2065 1110 2132 Italiae
1133 2069 1164 2132 et
1179 2067 1382 2136 conditionem
1399 2071 1471 2134 tem
1569 2049 1570 2076 ¹

234 2202 341 2268 perum
362 2180 410 2246 illi
433 2179 527 2244 fuisse
549 2179 722 2261 perspectas
746 2179 851 2263 quiet
874 2179 911 2246 de
933 2181 1006 2258 illis,
1038 2184 1129 2249 etde
1152 2184 1240 2251 uobis
1264 2187 1423 2270 nostraque
1444 2184 1472 2248 iu

235 2317 287 2364 vos
317 2298 459 2380 utrosque
487 2293 696 2361 benevolentia
724 2294 873 2360 charitate
903 2296 961 2362 lide
990 2298 1196 2367 certissimum
1226 2298 1267 2364 ad
1295 2318 1348 2366 vos
1378 2299 1472 2384 posset

232 2411 442 2482 testimonium
465 2409 582 2476 reterre.
629 2407 688 2489 Qui
711 2410 809 2475 adhuc
824 2411 983 2478 nobiscum
999 2415 1073 2492 erat
1096 2433 1166 2479 curu
1190 2414 1378 2482 incredibilis
1399 2417 1471 2482 alla·

230 2533 282 2598 tus
297 2531 345 2596 est
359 2527 496 2605 nuncius,
518 2543 622 2609 regem
637 2525 821 2592 Frentanum
836 2527 916 2609 apud
935 2528 1064 2612 Papiam
1087 2529 1251 2596 commisso
1266 2531 1362 2614 prelio
1377 2531 1471 2596 fusum

230 2646 411 2731 captumque
441 2642 475 2708 in
506 2659 615 2706 manus
646 2640 796 2706 uictorum
827 2641 932 2707 uiuum
960 2641 1132 2719 deveniam
1170 2663 1230 2728 quo
1259 2649 1340 2712 certe
1371 2645 1473 2712 nmcio

230 2761 361 2829 mamma
384 2756 533 2824 admoniti
554 2776 655 2822 rerum
678 2756 882 2822 humanarum
906 2777 1019 2838 surmus,
1049 2759 1332 2844 imbecillitatisque
1354 2763 1385 2828 et
1412 2761 1471 2826 fra·

228 2876 361 2963 gilitatis
376 2875 504 2962 ⁸nostrae
528 2874 559 2938 et
588 2874 622 2937 ut
648 2871 681 2938 in
705 2871 768 2937 solo
790 2872 854 2937 Deo
877 2871 1025 2938 confidere
1051 2875 1172 2940 stabilis
1194 2877 1243 2941 est
1264 2877 1297 2943 et
1325 2877 1473 2961 explorata

228 2995 321 3072 salue,
352 2991 469 3073 reliqua
498 2987 601 3054 omnia
625 2987 738 3054 caduca
759 2989 790 3054 et
813 2987 893 3052 levia
926 2991 1005 3055 sunt
1051 2987 1132 3074 Ergo
1160 2990 1218 3056 hoc
1242 2992 1329 3058 tanto
1353 3011 1423 3058 casu
1444 2993 1474 3058 et
1568 2999 1569 3072 g

225 3109 405 3176 documento
427 3103 546 3171 fallacis
560 3104 713 3188 quantiae
728 3104 812 3168 aetas
835 3105 939 3169 nostra
954 3106 1163 3172 memorabilis
1185 3106 1266 3172 lacta
1281 3110 1329 3173 est
1350 3108 1391 3174 ad
1404 3127 1470 3192 pre·
1568 3181 1569 3184 Ἴ

224 3225 407 3292 dicationem
429 3221 599 3286 futurorum
622 3219 790 3285 seculorum
820 3217 918 3302 quoad
940 3219 995 3285 illa
1024 3221 1217 3286 constiterint
1246 3223 1470 3306 sempiternam.

226 3339 285 3406 Sed
307 3339 335 3405 si
357 3335 476 3422 quaudo
500 3334 649 3418 sapientia
664 3335 717 3399 tua
739 3353 815 3417 quae
831 3333 966 3399 maxima
988 3353 1106 3418 semper
1122 3335 1181 3402 fuit
1199 3337 1367 3404 christiana
1389 3338 1473 3424 eguit

223 3454 403 3539 respubhca,
426 3451 503 3517 illud
519 3469 599 3515 nunc
623 3451 742 3532 tempus
765 3451 813 3514 est
834 3449 868 3513 in
889 3468 948 3532 quo
964 3449 1106 3516 adhibere
1129 3470 1197 3516 eam
1215 3471 1338 3519 necesse
1360 3455 1415 3532 est
1440 3453 1473 3518 ut

222 3571 279 3640 hee
301 3568 447 3635 iudicium
472 3565 585 3632 summi
600 3565 658 3630 Dei
680 3564 759 3648 quod
782 3563 821 3630 ad
836 3563 1095 3648 tranquillandam
1118 3567 1150 3632 et
1171 3567 1337 3635 sedandam
1359 3570 1395 3634 ut
1415 3568 1470 3635 fir·

221 3688 312 3758 miter
333 3683 518 3751 credimusa
541 3683 587 3746 tot
601 3683 633 3746 et
655 3681 720 3744 tam
734 3678 868 3744 assiduis
889 3679 1027 3744 cladibus
1050 3681 1081 3744 et
1096 3679 1186 3746 bellis
1209 3682 1469 3750 christianitatem

219 3803 335 3872 famum
357 3801 420 3875 est3
448 3796 654 3864 moderatione
684 3795 715 3860 et
737 3794 939 3878 temperantia
967 3813 1071 3860 eorum
1094 3797 1147 3881 qui
1170 3797 1307 3864 vicerunt
1337 3800 1472 3866 salutare

218 3919 250 3985 et
271 3914 465 3984 commodum
486 3911 706 3978 christianitati
728 3911 901 3995 reperiatur.
948 3909 1054 3994 Neque
1076 3914 1181 3979 tumen
1211 3913 1389 3980 dubitamus
1412 3915 1472 3980 hac

217 4033 334 4118 optima
356 4031 459 4097 mente
480 4047 546 4094 esse
568 4030 600 4092 et
621 4027 723 4110 ipsum
738 4025 898 4091 Caesarem
919 4026 951 4092 et
972 4025 1068 4091 istum
1089 4027 1332 4096 invictissimum
1354 4049 1470 4115 regem.

218 4147 278 4215 Sed
298 4148 404 4214 tamen
431 4147 553 4211 nostrae
576 4145 677 4227 partes
707 4142 829 4206 fuerumt
852 4143 887 4206 ut
907 4159 961 4225 pro
991 4143 1138 4224 pastorali
1160 4143 1260 4210 officio
1282 4143 1363 4211 illud
1384 4145 1473 4213 idem

216 4263 304 4331 nobis
326 4263 360 4329 iu
382 4260 562 4328 memoriam
584 4257 797 4343 redigeremus,
826 4257 860 4322 iu
881 4275 940 4341 quo
964 4256 1078 4324 scimus
1100 4259 1251 4324 maximae
1273 4261 1376 4343 partes
1399 4281 1473 4328 esse
1567 4303 1568 4348 3

214 4381 246 4447 et
267 4377 445 4465 prudentiae
466 4379 498 4444 et
526 4373 715 4442 auctoritatis
737 4374 815 4440 tuae.
861 4368 946 4452 Quae
967 4374 1001 4436 ut
1030 4391 1110 4438 nuuc
1132 4372 1270 4442 eluceant
1291 4373 1370 4441 cir.ul
1396 4379 1473 4444 tuae
