3192 4930
753 293 975 363 *751-

241 482 485 574 desidoriumque
506 491 646 556 nostrum
661 491 809 558 vellemus
824 490 857 557 id
878 491 1020 577 primum,
1043 489 1123 582 pond
1137 490 1169 556 ot
1183 488 1273 556 fenile
1287 489 1343 568 ost,
1366 490 1396 554 et
1411 487 1481 554 ulio·
1582 472 1585 535 t

239 625 307 672 rom
323 605 385 674 iam
401 606 537 689 exemplo
553 606 803 687 demonstratum,
826 609 861 675 ut
873 608 975 692 quatis
991 607 1176 692 Retisponoe
1196 605 1335 690 peritios
1351 603 1480 670 olnrissi·

239 739 315 799 mos,
338 723 369 788 et
391 721 640 806 religiosissimos
663 743 799 809 prooeros
822 723 979 790 oonoordie
994 723 1080 802 inite,
1103 724 1134 789 et
1157 721 1262 788 foedus
1283 719 1400 786 foetum
1422 719 1482 796 fuit

239 856 297 920 quo
319 857 444 904 oausam
467 837 590 918 Christi,
620 841 651 906 et
673 841 766 925 patrii
787 841 911 907 honoris
940 839 1095 906 communi
1117 857 1172 923 ope
1195 838 1226 904 et
1248 835 1360 903 uuriiio
1382 835 1480 902 defeu-
1588 877 1589 906 1

239 951 370 1018 dendom
386 957 590 1038 susceperunt,
613 956 686 1022 telis
704 956 791 1022 fieret
812 955 892 1021 iuter
913 957 1055 1034 ooeteros,
1078 955 1130 1040 qui
1145 955 1296 1039 potestate
1316 951 1482 1036 principum

239 1068 377 1150 praediti,
401 1072 431 1135 ot
449 1073 589 1137 mentem
604 1071 726 1150 hebent
749 1074 780 1137 et
802 1073 991 1138 voluntatem
1014 1071 1053 1136 ud
1074 1069 1203 1136 honeste
1224 1071 1256 1135 et
1280 1069 1387 1134 sancte
1400 1083 1483 1151 open

237 1186 386 1268 peretum,
409 1186 442 1251 iu
457 1205 586 1270 quorum
601 1207 734 1266 numero,
754 1207 825 1254 oum
840 1207 894 1254 ros
909 1207 970 1254 nou
985 1186 1130 1253 mediocri
1144 1185 1325 1252 auctoritate
1338 1182 1483 1267 polleatis,

238 1300 397 1367 hortemur
425 1295 602 1370 nobilitates
632 1305 751 1370 vestros
773 1305 808 1370 iu
829 1304 960 1383 domino,
990 1306 1021 1370 et
1044 1321 1097 1386 per
1119 1301 1235 1368 visoere
1264 1296 1483 1366 miseridordiue

237 1416 296 1482 Dei
317 1417 415 1483 nostri
437 1419 501 1484 toto
531 1419 627 1485 enimi
657 1419 757 1486 studio
780 1419 973 1505 requirimus,
1003 1420 1037 1484 ut
1065 1416 1224 1484 convenire
1252 1435 1323 1482 eum
1353 1413 1483 1490 coeteris,

236 1550 311 1615 quos
335 1533 491 1602 nobiseum
521 1534 727 1602 iudicaveritis
756 1536 820 1602 iore
842 1535 1073 1613 eonsentientes,
1102 1551 1283 1618 operumque
1306 1530 1387 1609 dere,
1415 1530 1482 1594 hor·

235 1648 304 1726 turi,
327 1667 457 1729 monere,
480 1650 596 1716 instare
625 1651 753 1734 denique
776 1650 879 1718 uelitis
902 1653 937 1718 ut
958 1649 1077 1718 foedere
1098 1650 1179 1716 inter
1201 1666 1254 1714 vos
1277 1647 1367 1724 teoto,
1390 1664 1482 1730 popu·

235 1762 352 1831 loribus
367 1765 510 1844 motibus,
526 1768 558 1832 et
572 1767 756 1851 periculosae
771 1767 983 1850 imperitorum
993 1766 1133 1832 tinentiae
1149 1763 1361 1831 communibus
1377 1758 1483 1827 studiis

237 1879 407 1961 resistetur,
430 1882 673 1967 quondoquidem
696 1882 736 1948 ud
758 1883 845 1968 vulgi
866 1885 985 1950 mentes
1008 1881 1209 1949 seditionibus
1232 1879 1378 1947 adversus
1399 1879 1482 1963 prin·

235 1992 323 2080 cipes
340 2016 411 2063 suos
433 1996 636 2078 concitandos,
660 1999 735 2066 haee
757 1999 925 2083 plurimum
948 1998 1173 2066 sumministret
1194 1997 1287 2082 ignis,
1310 1998 1341 2063 et
1355 1993 1484 2061 inoendii

235 2111 274 2177 ed
297 2113 433 2182 omnium
464 2114 627 2198 perniciem
657 2116 688 2181 et
710 2115 928 2184 detrimentum
956 2113 1255 2210 exortationem
1277 2111 1378 2178 fortio.
1423 2109 1484 2176 Hoo

236 2245 290 2294 nos
313 2229 501 2295 consulimus
522 2231 636 2296 noenu·
658 2231 769 2298 vestris
791 2231 926 2317 primurn
947 2230 986 2296 ob
1008 2231 1153 2296 honorem
1168 2229 1235 2308 Dei,
1257 2227 1484 2310 animorumque

234 2343 282 2409 illi
304 2343 523 2428 desponsuram
547 2347 687 2426 sulutem,
717 2365 846 2432 quarum
868 2346 1028 2412 interitum
1056 2363 1170 2430 magno
1193 2363 1263 2412 oum
1285 2343 1389 2410 doloro
1409 2361 1482 2427 qno·

233 2459 308 2526 tidie
332 2459 490 2527 sentimus.
535 2461 653 2528 Deinde
675 2462 755 2546 quod
777 2463 869 2528 istius
891 2462 980 2528 nobis
995 2460 1213 2528 dileetissimoe
1235 2460 1371 2526 notionis
1392 2457 1484 2544 quies,

234 2577 266 2641 et
285 2595 345 2660 pur
367 2575 455 2643 nobis
478 2577 526 2643 eet
547 2576 750 2661 optatissime.
795 2577 953 2644 Postremo
976 2577 1047 2662 quie
1069 2596 1140 2644 oum
1162 2577 1280 2643 uestes
1301 2575 1408 2642 nott*
1429 2591 1484 2658 po·

234 2693 320 2758 ternu
337 2689 546 2760 benevolentis
561 2693 789 2776 amplectemur,
813 2693 877 2760 sire
892 2692 925 2760 in
939 2693 997 2760 troo
1010 2711 1099 2777 opere
1121 2692 1291 2778 eosgloria,
1314 2691 1380 2758 sive
1393 2687 1485 2774 etium

234 2807 369 2887 utilitas,
400 2808 557 2892 utriusque
587 2808 726 2892 oupimus
757 2811 873 2876 uestras
902 2809 1010 2876 neon·
1037 2807 1191 2892 imprimis
1220 2827 1287 2874 esse
1315 2805 1484 2892 perueipeu.

234 2921 355 2988 Aeoidit
369 2924 480 3001 eutem
503 2924 591 3008 quusi
614 2924 801 2991 oooueiouem
822 2925 985 3008 praebente
1006 2925 1079 3003 Deo,
1102 2924 1138 2990 nt
1159 2943 1228 2990 oum
1251 2921 1381 2990 dileotus
1403 2920 1485 2986 filins

234 3039 338 3103 noster
352 3038 400 3104 At
416 3041 507 3104 serti·
527 3039 728 3124 Mogrmtinus
743 3041 799 3107 eto.
815 3040 971 3107 civitotem
986 3039 1283 3125 Mogdeburgeusem
1298 3035 1485 3124 quorundum

236 3154 347 3220 seelere
369 3155 400 3220 et
422 3153 580 3240 impietate
602 3173 715 3240 magno
738 3175 808 3222 oum
830 3157 966 3222 tumultu
988 3156 1038 3221 his
1061 3154 1215 3239 preteritis
1237 3154 1345 3220 diebus
1368 3153 1408 3218 ad
1427 3151 1484 3218 he·

234 3269 328 3336 resim
350 3270 533 3354 prolapsum,
556 3288 610 3354 pro
632 3271 705 3336 boni
727 3272 868 3368 pontons
891 3273 922 3337 et
938 3271 1115 3356 dignissimi
1137 3270 1301 3336 eurdinetis
1323 3267 1425 3334 debito
1447 3265 1486 3332 nd

235 3404 323 3452 verne
345 3385 470 3469 pietatis
492 3380 524 3450 e't
546 3385 735 3452 obedientiae
757 3387 905 3470 pristinae
928 3385 1063 3452 officium
1077 3386 1247 3452 instituerit
1269 3401 1416 3462 revocure
1437 3381 1485 3448 ri-

237 3499 344 3566 deatur
372 3500 404 3566 id
426 3499 516 3567 foeilt
539 3501 707 3582 effecturus,
738 3503 765 3568 si
793 3505 895 3568 vestre
917 3505 949 3569 et
970 3504 1156 3568 meteromm
1185 3503 1267 3567 reete
1289 3497 1487 3566 sentientium

235 3615 350 3682 auxilio
370 3616 419 3682 illi
441 3635 502 3682 non
524 3617 683 3696 defuerint
706 3618 739 3685 in
761 3637 821 3702 qne
843 3639 876 3684 re
899 3637 954 3684 noe
976 3618 1071 3684 etiem
1095 3617 1139 3682 sio
1160 3618 1237 3683 bene
1259 3617 1397 3699 ooeptam
1419 3631 1487 3680 eum

236 3731 402 3798 viderimus
431 3732 618 3800 intendimus
647 3752 703 3817 ope
731 3735 836 3799 nostre
867 3733 1057 3800 intervenire.
1104 3731 1164 3798 Sed
1185 3734 1220 3797 ut
1242 3731 1274 3797 id
1297 3729 1436 3815 prompte
1458 3729 1489 3792 et

235 3847 373 3914 animoso
395 3848 459 3926 fiet
481 3818 639 3915 hdrtemur
661 3849 758 3916 denuo
781 3855 867 3916 noto
890 3851 1015 3925 vestras,
1038 3851 1073 3914 ut
1095 3848 1284 3932 interponere
1300 3847 1403 3930 portes
1418 3861 1488 3910 snus

237 3963 340 4030 velint.
386 3963 546 4031 Nollemns
571 3966 632 4030 vim
655 3984 711 4031 nos
734 3964 866 4048 quidem,
890 3965 943 4031 sed
965 3965 1000 4029 ut
1023 3963 1267 4030 mansuetndinis
1289 3963 1321 4028 et
1342 3959 1487 4027 humeni-

236 4080 311 4146 tetis
340 4080 514 4165 petiuerit
543 4080 743 4164 proficeretur.
791 4079 850 4147 Sed
880 4081 907 4146 si
929 4080 961 4146 id
983 4097 1045 4146 non
1066 4080 1175 4163 potest.
1205 4077 1306 4146 omnis
1328 4077 1410 4144 inste
1441 4074 1490 4138 vis

237 4197 286 4262 ost
307 4195 422 4262 iniuste
444 4197 645 4282 permissione
667 4198 699 4264 ot
713 4196 902 4282 negligentis
926 4197 1072 4272 senetior3
1095 4215 1130 4260 oo
1152 4193 1316 4261 dummodo
1333 4194 1416 4260 selus
1437 4191 1489 4256 iu-

237 4313 359 4392 teretrm
383 4312 446 4378 sire
469 4331 522 4398 per
544 4313 617 4392 vim,
641 4313 704 4380 sire
726 4332 781 4401 per
802 4313 1000 4394 voluntatem,
1022 4314 1184 4399 utrumque
1206 4311 1307 4378 otest
1328 4311 1361 4375 et
1383 4307 1488 4394 appel·

237 4428 320 4498 lotur
333 4427 477 4502 entier
