3258 4904
791 333 1035 402 ..443..

286 525 387 595 locum
410 547 483 595 suae
512 526 731 595 iurisdictionis
753 531 785 596 et
813 529 920 596 boram
949 527 1161 608 determinari,
1189 528 1310 613 inqua
1339 527 1388 595 ius
1415 527 1527 596 reddere

286 645 419 712 intendit
441 645 474 710 in
488 663 580 711 eausa
595 644 719 730 prelata
750 644 815 712 Nec
837 663 898 712 non
913 645 988 730 eligi
1010 647 1041 712 et
1056 644 1196 729 deputari
1217 644 1371 711 notarium
1394 646 1525 712 idoneum

287 761 487 827 sufficientem
511 763 542 827 et
563 761 704 845 peritum,
727 761 780 844 qui
801 761 913 827 babeat
934 762 965 826 et
980 761 1079 844 possit
1101 778 1133 826 se
1155 779 1261 845 rogare
1285 779 1339 826 seu
1361 761 1525 844 apartibus

287 877 387 961 rogari
411 877 447 943 de
463 877 605 942 omnibus
620 878 652 942 et
668 876 798 960 singolis
821 876 907 956 actis,
923 876 1114 960 processibus
1136 875 1271 956 testium,
1293 875 1481 954 iuramentis,
1500 877 1525 940 et

286 1011 389 1058 comm
419 991 668 1076 depositionibus,
698 993 729 1057 ot
752 1011 804 1058 seu
834 991 1083 1058 attestationibus
1113 991 1265 1056 ucetiam
1295 992 1333 1057 de
1361 990 1525 1075 proumciis

286 1107 558 1191 exemplationibus
580 1109 612 1172 et
634 1125 686 1172 seu
710 1107 1005 1191 transumptionibus
1028 1109 1059 1172 et
1081 1105 1151 1172 aliis
1169 1107 1350 1172 necessariis
1372 1109 1404 1172 et
1425 1125 1523 1190 oppor-

286 1223 370 1288 tunis
401 1242 454 1307 pro
484 1222 671 1307 expeditione
693 1224 725 1288 et
754 1223 926 1289 executione
955 1222 1054 1288 dictae
1076 1221 1311 1301 commissionis,
1341 1221 1525 1306 deputarique

286 1339 380 1404 etiam
396 1339 538 1404 nuntium
561 1337 614 1422 qui
629 1338 740 1404 habeat
755 1340 786 1405 et
800 1339 899 1422 possit
921 1339 954 1403 in
976 1357 1097 1404 omnem
1113 1357 1217 1404 casum
1240 1341 1272 1403 et
1286 1339 1429 1404 eventurn
1443 1338 1525 1402 citare

286 1455 350 1520 tam
374 1455 464 1520 verbo
493 1473 585 1537 quam
608 1454 641 1520 in
672 1454 794 1537 scriptis
824 1471 1027 1539 quoscumque
1056 1452 1193 1519 citandos
1224 1454 1256 1520 et
1286 1453 1475 1538 requirendos
1496 1452 1523 1516 in

285 1568 419 1653 presenti
441 1587 533 1635 causa
554 1570 586 1634 et
608 1569 692 1636 omni
714 1569 774 1636 alio
797 1569 916 1635 meliori
938 1568 1027 1635 modo
1050 1571 1106 1635 etc

375 1684 473 1750 Tener
495 1686 598 1751 autem
621 1683 697 1750 dicti
718 1685 857 1751 mandati
879 1685 951 1750 talis
974 1687 1030 1765 est,
1053 1684 1201 1752 videlicet.

374 1801 412 1867 Iu
434 1800 557 1867 nomine
571 1800 697 1867 Domini
713 1819 810 1868 amen
841 1801 900 1868 Per
914 1801 971 1867 boe
985 1820 1110 1885 presens
1123 1800 1281 1884 publicum
1296 1801 1522 1868 instmmentum

286 1915 404 1982 conctis
426 1918 530 2000 pateat
551 1915 706 1982 evidenter
727 1918 759 1982 et
781 1917 823 1982 sit
844 1918 951 1982 notum
970 1916 1050 2001 quod
1072 1935 1151 1982 anno
1175 1935 1194 1981 a
1215 1916 1379 1983 nativitate
1399 1916 1521 1982 eimdem

285 2031 412 2097 Domini
434 2031 599 2098 millesimo
622 2030 866 2117 quingentesimo
889 2031 1050 2117 trigesimo
1079 2031 1244 2098 indictione
1273 2032 1367 2098 tertia
1394 2031 1441 2097 die
1460 2050 1522 2097 vero

285 2147 375 2215 lunae
398 2147 514 2214 decima
529 2147 636 2232 quinta
651 2147 766 2214 mensis
781 2148 915 2232 Augusti
938 2147 1132 2231 pontificatus
1157 2145 1346 2213 serenissimi
1367 2147 1400 2212 in
1413 2145 1522 2212 Christo

285 2262 382 2347 patris
404 2264 435 2329 et
457 2261 530 2328 dn.
547 2262 575 2328 d
591 2261 758 2329 Clementis
780 2262 884 2329 divina
906 2263 1096 2348 providentia
1110 2281 1207 2347 papae
1230 2262 1356 2347 septimi
1377 2280 1451 2328 anno
1464 2262 1522 2326 eius

287 2378 425 2464 septimo.
469 2379 507 2444 In
529 2378 591 2444 mei
612 2397 750 2445 camerae
778 2378 960 2462 apostolicae
990 2379 1101 2444 notarii
1129 2377 1245 2462 publici
1273 2378 1306 2444 et
1328 2379 1450 2444 testium
1476 2377 1519 2442 in·

285 2494 514 2579 trascriptomm
530 2493 639 2560 adhoc
655 2493 827 2578 specialiter
849 2495 1022 2562 vocatorum
1036 2495 1068 2560 et
1082 2495 1259 2577 rogabomm
1281 2495 1439 2578 presentia,
1459 2511 1519 2576 pre·

287 2629 357 2676 sens
385 2612 417 2676 et
444 2609 644 2694 personaliter
672 2611 858 2677 constitutus
886 2609 1021 2694 prefatus
1051 2609 1264 2677 serenissimus
1287 2607 1315 2675 d
1344 2629 1374 2677 n
1396 2609 1519 2676 Clemens

286 2743 364 2809 papa
394 2724 542 2809 septimus
576 2745 630 2792 suo
659 2727 690 2792 et
719 2725 806 2792 Sedis
836 2725 1019 2810 apostolicae
1049 2725 1170 2792 nomine
1206 2725 1284 2791 citra
1315 2725 1519 2792 revocationem

287 2859 543 2926 quorumcumque
566 2843 791 2926 procuratorum
816 2861 940 2910 suorum
962 2860 1017 2926 per
1038 2859 1109 2906 eum
1130 2841 1280 2910 hactenns
1310 2839 1519 2926 quomodolibet

286 2956 520 3024 constitutomm
535 2957 755 3024 revocationem
779 2958 886 3042 sponte
900 2959 932 3024 et
946 2977 982 3024 cr
1004 2958 1069 3024 eius
1084 2959 1167 3024 certa
1182 2957 1299 3024 scentia
1321 2976 1357 3024 ac
1373 2959 1519 3042 spontanea

287 3073 442 3140 voluntate
465 3073 606 3140 omnibus
636 3073 813 3140 melioribus
842 3073 932 3140 modo
955 3072 1005 3140 via
1026 3073 1091 3140 iore
1119 3091 1219 3154 causa,
1249 3074 1280 3138 et
1302 3073 1401 3140 forma
1426 3073 1518 3158 quibus

286 3189 396 3255 melius
419 3190 450 3255 et
471 3187 624 3255 efficacius
645 3189 746 3274 potuit
767 3190 798 3254 et
820 3188 934 3270 debuit,
957 3189 1038 3269 iecit,
1061 3188 1229 3269 coustituit
1252 3188 1406 3256 ordinavit
1427 3191 1456 3256 et
1474 3187 1517 3252 de-

286 3304 414 3389 putavit,
438 3304 667 3390 specialiterque
689 3307 721 3371 et
743 3325 881 3390 expresse
909 3304 1095 3372 inherendo
1118 3305 1267 3388 quatenus
1297 3323 1373 3390 opos
1396 3307 1437 3372 sit
1458 3303 1516 3370 sob-

287 3419 441 3486 stitutioni
462 3439 517 3504 per
538 3441 561 3486 r.
585 3420 612 3487 d
636 3419 797 3488 Nicolaum
831 3421 868 3487 de
889 3420 1028 3508 Ragonio
1057 3439 1218 3486 causamm
1240 3420 1351 3505 palatii
1379 3416 1519 3505 apostebci

172 3605 185 3608 ,
286 3534 464 3615 auditorem,
487 3537 519 3602 et
539 3535 690 3602 Joamem
718 3537 915 3603 manciacum
942 3536 1069 3602 Burlam
1092 3535 1272 3602 advocatum
1295 3534 1517 3604 consistorialem

287 3669 359 3718 suae
384 3651 557 3718 sanctitatis
582 3651 615 3717 in
638 3652 833 3737 infrascripta
863 3671 955 3718 causa
978 3650 1161 3737 principales
1185 3653 1344 3735 procurato
1369 3671 1417 3718 res
1439 3651 1517 3717 taem

287 3766 458 3833 nominavit
480 3787 570 3833 suum
592 3787 627 3834 ac
649 3767 755 3851 diotae,
773 3767 860 3834 Sedis
883 3769 914 3833 at
936 3785 1071 3834 camerae
1093 3768 1277 3852 apostolicae
1306 3769 1517 3851 procuratorem,

287 3883 428 3963 actorem,
451 3883 596 3949 factorem
619 3885 649 3950 et
676 3884 870 3968 negociomrn
893 3903 1015 3950 snorum
1042 3882 1305 3967 infrascriptorum
1328 3885 1472 3968 gestorem
1491 3896 1518 3942 uo

286 3999 430 4065 nuntium
453 3999 614 4083 specialem
638 4003 669 4066 et
690 4001 872 4085 generalem.
904 4001 953 4066 lta
975 4001 1079 4067 tamen
1094 3998 1173 4083 quod
1189 3999 1363 4083 specialitas
1385 3993 1515 4084 generali·

287 4115 346 4181 tati
368 4133 429 4181 non
451 4114 584 4200 deroget,
614 4135 669 4183 nec
691 4119 813 4183 econtra
835 4137 859 4182 r.
883 4116 910 4183 d
933 4117 1085 4183 loannem
1112 4116 1237 4182 Petrum
1268 4115 1437 4181 Femettum
1456 4106 1516 4176 nd

286 4231 505 4317 archiepiscopi
526 4232 768 4299 Ravennatensis
797 4232 830 4299 in
861 4232 1072 4316 spiritualibus
1101 4231 1249 4299 vicarium
1277 4231 1446 4316 generalem
1470 4225 1513 4289 ab

287 4351 405 4413 sentem
427 4350 585 4431 tamquam
607 4351 779 4432 presentem
798 4349 898 4415 solum
919 4349 951 4415 et
973 4349 1139 4415 insolidum
1162 4347 1335 4432 specialiter
1355 4348 1385 4412 et
1399 4356 1514 4428 expresse

288 4460 327 4525 ad
350 4461 446 4544 ipsius
470 4463 659 4529 serenissimi
681 4464 708 4530 d.
725 4484 754 4532 n.
774 4484 809 4531 ao
831 4465 929 4532 diotae
952 4463 1040 4532 Sedis
1063 4465 1094 4532 et
1116 4483 1252 4530 camerae
1275 4465 1451 4550 apostolicae
1469 4473 1512 4522 110·
