3132 4910
770 229 1012 294 -310-

266 421 417 506 suscipere
447 423 501 488 aut
530 422 606 488 illud
630 425 804 506 susceptum
827 441 887 489 non
910 424 1081 490 sustentare
1109 442 1206 507 posse,
1235 441 1363 507 quornm
1384 425 1494 506 utroque

266 537 354 603 modo
370 535 517 603 ditionem
533 538 682 620 prefatam
698 539 730 604 11
744 539 931 604 Florentiam
946 537 1149 623 trepidantem
1164 537 1416 623 potissimumque
1428 539 1494 603 Par·

265 672 349 718 mam
365 654 396 720 et
411 653 601 718 Placentiam
615 653 764 719 finitimas
779 655 869 720 urbes
885 654 1025 720 hostibus
1041 654 1163 739 pardem
1178 673 1300 721 necesse
1316 659 1389 721 erat
1404 655 1496 736 ltaque

266 789 298 835 se
321 768 500 835 declarando
527 771 632 834 contm
655 767 762 835 Gallos
784 767 906 835 Caesari
935 769 1014 835 nihil
1036 769 1200 854 prodesset,
1224 770 1284 836 sibi
1313 771 1413 836 autem
1434 788 1457 834 1.
1477 789 1496 832 1.

265 885 370 952 obesse
385 886 517 951 multum
540 886 666 969 poterat,
689 903 748 968 qna
763 885 880 951 ratione
894 887 1015 951 coaetus
1030 886 1202 952 elaborasse
1217 904 1340 952 summa
1354 883 1497 970 dibgeubr

265 1003 300 1068 ut
322 1020 381 1086 par
402 1001 482 1067 inter
504 1001 653 1067 exercitus
675 1002 903 1085 componeretur
922 999 1022 1068 Gallis
1045 1002 1121 1068 citra
1143 1002 1175 1068 et
1196 1001 1312 1068 nestris
1334 1002 1414 1066 ultra
1426 999 1496 1064 1111·

266 1117 353 1183 nium
375 1116 609 1201 quiescentibus,
632 1135 759 1201 eamque
781 1117 865 1201 pacis
887 1117 1090 1184 conditionem
1113 1119 1239 1202 agentes
1263 1115 1402 1182 Caesaris
1420 1134 1497 1198 repn-

266 1232 367 1299 diasse
389 1233 421 1299 et
442 1232 516 1298 adeo
538 1233 651 1298 iterum
678 1233 716 1298 ab
739 1233 784 1300 eis
808 1231 913 1300 Gallos
943 1233 1088 1299 excitatos
1110 1251 1177 1298 esse
1199 1233 1234 1298 11
1256 1231 1356 1298 (111111
1386 1230 1498 1297 exercite

266 1348 455 1432 laetioresque
478 1347 660 1415 Ursinorum
682 1348 841 1414 coniuncte
864 1351 1004 1416 curarent
1022 1346 1104 1414 Gelli
1127 1367 1254 1432 regnum
1278 1347 1499 1432 Neapolitanum

266 1481 342 1548 pene
370 1463 524 1530 desertum
554 1463 694 1530 invadere
723 1464 746 1529 ii
769 1483 796 1530 1.
820 1483 843 1530 s.
867 1465 1056 1544 auctoritate,
1086 1465 1233 1548 precibus,
1263 1463 1451 1530 suasionibus
1475 1461 1500 1526 et

266 1579 451 1664 gravissima
473 1579 640 1646 monitione
662 1597 712 1646 eos
742 1579 897 1664 paulisper
918 1579 1086 1658 retinuerit
1115 1598 1173 1664 que
1194 1579 1328 1646 nimium
1357 1579 1500 1663 augeretur

266 1694 300 1762 in
322 1694 354 1760 id
376 1693 563 1762 discriminis
586 1693 717 1760 adducta
739 1697 773 1760 ut
795 1714 844 1760 res
867 1695 1004 1761 Caesaris
1027 1713 1081 1778 pro
1104 1693 1214 1761 1111111
1236 1695 1334 1761 animi
1356 1694 1432 1762 tueri
1450 1711 1500 1758 nen

267 1810 373 1895 possit
404 1811 512 1895 ltaque
534 1808 702 1876 decrevisse
724 1809 834 1876 iudicis
855 1811 888 1876 et
901 1811 1000 1895 petris
1023 1809 1119 1876 offitio
1142 1811 1253 1877 melius
1268 1829 1336 1877 esse
1359 1810 1397 1875 ad
1410 1827 1500 1894 paoem

268 1927 426 2004 cohortari,
450 1943 579 2005 monere,
608 1925 765 1992 obsecrare
787 1944 848 1993 nou
870 1926 1025 2004 desistere,
1047 1927 1221 2010 contempta
1244 1926 1331 2010 erigi
1358 1921 1502 1990 vanissimi

268 2042 347 2108 falsa
377 2040 582 2108 susurratione
604 2042 635 2108 et
665 2042 830 2108 multorum
859 2040 1083 2124 impudentium
1111 2041 1286 2107 temeritate
1316 2038 1501 2107 asserentium

269 2177 296 2224 1.
320 2177 343 2224 s.
367 2157 457 2224 rebus
487 2153 615 2222 Gallicis
645 2156 774 2234 studere,
803 2155 883 2240 quod
912 2156 1003 2241 longe
1032 2157 1155 2223 abesset
1175 2175 1194 2222 1
1217 2157 1353 2224 11111111.
1404 2150 1502 2222 Addidi

268 2273 392 2358 insuper
414 2272 547 2338 rationes
562 2272 756 2338 vehementes
779 2291 847 2337 meo
869 2271 980 2339 iudicio
1003 2271 1042 2338 ad
1064 2270 1096 2338 id
1119 2271 1378 2356 comprobandum
1398 2269 1502 2338 111111

269 2389 381 2456 1111111
403 2386 630 2454 ostendendum.
676 2387 793 2454 Deinde
816 2387 900 2471 pacis
921 2386 1109 2454 conditiones
1132 2389 1168 2452 ut
1189 2387 1222 2452 in
1245 2386 1399 2454 mendatis
1420 2385 1500 2451 habe

270 2507 342 2572 bam
371 2503 527 2588 preposui3
551 2503 615 2569 vise
639 2504 711 2570 sont
732 2502 868 2569 duriores
891 2522 967 2587 equo
989 2504 1021 2570 et
1050 2521 1107 2587 que
1131 2521 1251 2569 summe
1279 2499 1503 2588 disciplicueriut

271 2641 298 2686 1.
322 2639 345 2684 1.
369 2619 484 2684 lactum
506 2618 543 2683 D.
566 2617 615 2684 Jo.
637 2617 674 2682 de
697 2617 835 2697 Medicis,
864 2618 950 2684 cuiue
973 2636 1069 2703 neque
1099 2617 1219 2686 conscia
1241 2618 1302 2686 luit
1324 2637 1352 2685 1.
1375 2637 1398 2684 1.
1420 2632 1503 2699 neque

270 2753 340 2802 enm
355 2751 494 2800 revocare
508 2733 641 2817 potuerit
662 2752 757 2817 quum
780 2733 870 2799 bomo
893 2735 975 2800 esset
998 2733 1047 2800 sui
1061 2733 1181 2800 arbitrii
1203 2736 1234 2800 et
1253 2732 1428 2800 voluntatis
1448 2731 1501 2796 De·

271 2851 336 2916 tam
358 2849 463 2915 tamen
485 2847 532 2914 illi
554 2848 593 2915 ab
615 2848 777 2933 egentibus
794 2847 931 2914 (laeseris
954 2867 1079 2915 eausam
1101 2848 1210 2915 diffuse
1224 2847 1363 2933 explicui
1393 2843 1503 2912 Audiuit

272 2984 321 3032 me
342 2963 377 3030 in
390 2963 517 3030 coneilio
532 2982 586 3030 sno
609 2965 640 3030 et
657 2981 792 3029 seorsum
807 2964 968 3048 principes,
990 2963 1107 3030 attente
1128 2963 1408 3049 benignissimeque
1421 2962 1503 3028 iuter·

272 3079 392 3165 rogarit
419 3097 470 3144 me
498 3079 632 3162 primum
661 3081 696 3144 ut
726 3080 839 3145 valeret
861 3099 888 3145 1.
913 3099 936 3146 s.
959 3078 1172 3146 demonstraus
1196 3099 1223 3144 1.
1247 3098 1271 3144 s
1294 3081 1330 3144 ut
1358 3097 1427 3144 rere
1452 3073 1504 3141 lilio

272 3195 404 3262 maxime
419 3213 489 3260 cure
510 3213 578 3261 esse
599 3195 770 3277 letatusque
785 3196 833 3261 est
848 3195 901 3260 ubi
922 3213 958 3261 er
973 3213 1023 3262 me
1038 3193 1157 3261 audivit
1178 3195 1258 3261 recto
1274 3196 1381 3262 eslere.
1404 3189 1505 3259 Deinde

272 3313 305 3378 in
334 3311 418 3396 pacis
447 3308 671 3378 conditionibus
700 3312 731 3375 et
758 3309 828 3376 aliis
851 3311 942 3376 rebus
971 3311 1105 3376 multum
1133 3310 1280 3394 temporis
1310 3305 1505 3376 1111111111

272 3427 399 3496 aemilio
423 3445 476 3492 suo
499 3426 713 3509 consumptum
729 3429 785 3504 est,
808 3445 863 3492 neo
885 3426 1065 3493 couveniens
1088 3423 1165 3492 satis
1184 3443 1363 3510 responsum
1386 3445 1409 3490 s
1425 3443 1450 3488 r.
1466 3440 1505 3485 re·

274 3543 454 3627 pariebatur.
488 3541 607 3608 Ultimo
630 3541 733 3606 111111
755 3558 774 3604 1
797 3541 960 3607 serenitate
984 3559 1039 3606 sua
1054 3541 1231 3608 conclusum
1253 3541 1357 3606 extitit
1378 3539 1453 3624 quod
1469 3553 1506 3601 res

273 3661 305 3724 et
325 3657 475 3725 momenti
497 3658 529 3722 et
550 3657 646 3723 tetius
661 3655 897 3724 christianitatis
919 3656 1059 3722 beneficii
1073 3657 1155 3722 esset
1177 3656 1332 3722 consulere
1347 3655 1506 3738 riceragom

273 3773 490 3856 certioremque
513 3789 583 3837 eum
605 3770 728 3838 reddere
750 3771 788 3838 de
810 3769 860 3838 bie
883 3771 1025 3838 omnibus
1040 3790 1093 3855 per
1115 3771 1271 3854 proprium
1293 3771 1446 3838 bominem
1465 3765 1506 3850 qni

275 3890 352 3956 sciat
374 3886 533 3954 commode
555 3907 613 3970 que
636 3886 759 3952 (1111111
787 3889 819 3954 11
842 3905 894 3952 111
925 3887 1082 3954 serenitati
1104 3886 1222 3953 evenire
1250 3887 1378 3972 possent
1398 3903 1465 3970 pace
1482 3883 1505 3946 11

274 4002 432 4072 concordia
451 4002 628 4088 composita
658 4003 699 4068 Et
720 4001 909 4086 itidemque,
933 4002 1036 4086 spreta
1057 4001 1120 4082 illa,
1135 4001 1329 4068 incommoda
1349 4021 1410 4069 non
1428 4015 1506 4086 pena

273 4121 377 4188 essent
400 4119 606 4184 subsecutura
652 4114 813 4201 Significat
839 4116 935 4201 igitur
964 4117 1113 4184 serenitas
1136 4135 1192 4182 sua
1214 4117 1352 4184 animum
1383 4115 1507 4184 suamet

274 4234 400 4322 quiquid
430 4231 568 4300 beneficii
590 4233 622 4296 et
643 4232 790 4298 1111111111
818 4232 876 4297 hae
898 4231 931 4297 in
953 4232 1125 4324 repeterit
1146 4233 1282 4316 prestare
1305 4252 1378 4300 (1.1.
1399 4229 1505 4299 indubi-

276 4353 377 4418 tanter
392 4347 494 4412 eredat
517 4348 617 4430 ipsum
641 4347 792 4412 facturum
816 4346 935 4434 quando
959 4357 1025 4414 s.'v.
1049 4347 1181 4414 offitium
1196 4347 1260 4412 veri
1281 4349 1381 4431 patris
1402 4351 1435 4414 ut
1451 4345 1507 4411 lecit
