3132 4910
738 287 1007 356 ⁸-aee-

259 479 290 545 at
304 477 394 546 inane
409 479 551 566 quicquid
566 499 652 549 secus
668 485 833 569 superbiis
849 505 867 550 a
882 504 1032 570 quoquam
1056 487 1163 572 queris
1177 488 1355 555 anctoritate
1376 488 1485 556 scienter
1544 547 1545 560 2

220 645 222 650 .
259 597 307 662 vel
330 596 506 682 ignoranter
522 597 712 684 contingeret
734 602 919 686 attemptari,
942 605 1032 687 prout
1053 603 1086 670 in
1102 605 1215 670 nostrie
1237 605 1367 689 singulis
1388 604 1483 671 eisdem

259 713 372 779 litteris
395 715 514 798 plenius
545 715 725 782 continetur.
770 719 810 783 nt
832 719 905 784 lieet
927 721 1049 804 propter
1069 721 1309 804 persecutionem
1331 717 1485 787 eisdcmde

258 829 411 896 Maluiciis
433 851 487 916 per
501 851 604 898 eorum
620 833 808 900 adversarios
822 835 981 901 retroactis
1002 837 1191 920 temporibus
1205 836 1311 914 iactas,
1333 855 1368 902 ac
1381 837 1484 903 eutium

259 945 416 1027 indictum,
445 949 506 1032 ipsi
527 949 663 1016 fornaces
685 953 881 1018 manutenere
904 954 935 1018 et
956 953 1037 1018 nitra
1066 953 1241 1018 huiusmodi
1270 953 1415 1018 fabricare
1438 951 1485 1016 ali-

259 1063 392 1148 quandiu
422 1067 623 1145 cessaverunt,
653 1069 684 1132 et
706 1067 900 1152 postmodum
930 1067 1030 1134 dietus
1057 1067 1275 1134 Nascentorius
1304 1069 1337 1134 in
1366 1068 1486 1134 demibnu

260 1181 468 1261 conducendis,
491 1184 523 1248 et
547 1182 719 1249 lomacibns
742 1201 778 1249 ac
800 1183 896 1269 lignis
918 1203 972 1268 pro
1000 1184 1176 1250 huiusmodi
1204 1185 1424 1250 conetnretione
1442 1201 1486 1266 pa·

259 1297 362 1365 randis
393 1317 522 1384 magnas
552 1317 697 1384 expensas
733 1299 852 1380 iecerit,
882 1319 918 1367 ac
953 1302 1110 1386 propterea
1139 1301 1292 1367 concessio
1325 1299 1436 1367 eisdem
1459 1297 1489 1362 de

258 1413 412 1481 Malviciis
434 1415 524 1494 facta
546 1417 578 1482 et
599 1415 762 1482 Laurentio
784 1418 816 1483 et
837 1415 960 1483 Caesari
989 1417 1037 1483 ius
1060 1418 1233 1500 competens
1263 1417 1418 1482 sublatum
1435 1431 1488 1481 esse

259 1549 321 1597 non
342 1531 495 1598 videatur:
518 1531 736 1598 nichilominus
758 1533 895 1618 prefatus
919 1533 1138 1600 Nascentoriue
1160 1531 1311 1599 dictarum
1334 1533 1488 1598 nostrarum

256 1647 430 1714 littemrnm
452 1649 589 1732 pretextu
617 1648 701 1732 ipsos
723 1648 922 1715 Laurentium
944 1652 976 1715 et
998 1647 1158 1715 Caesarem
1188 1641 1365 1733 superium
1386 1647 1423 1712 ad
1440 1663 1488 1720 eon

259 1765 294 1828 ut
316 1763 472 1848 prefertur,
496 1765 652 1848 spectante
675 1783 707 1832 se
729 1765 762 1831 in
785 1784 820 1831 eo
843 1764 1075 1832 intromittendo
1097 1783 1204 1831 nexare
1226 1765 1257 1830 et
1279 1764 1444 1840 molestare,
1462 1777 1490 1824 ac

257 1879 367 1946 litibus
389 1880 541 1946 involvere
564 1880 722 1964 presumit.
761 1878 860 1960 Quare
875 1899 929 1965 pno
951 1882 1037 1965 parte
1052 1879 1208 1946 Laurentii
1230 1880 1262 1946 et
1277 1877 1413 1944 &esuris
1431 1895 1489 1961 pre·

259 1995 409 2062 dictomm
432 1997 634 2062 asserentium
658 2015 691 2062 se
710 1995 862 2063 Jcbannis
885 1997 917 2064 et
938 1997 1069 2062 fratnrm
1084 1996 1289 2080 predictorum
1312 2009 1489 2068 eummsercs

260 2130 350 2195 seque
380 2111 498 2178 civitati
520 2114 551 2179 et
579 2113 748 2178 tenimento
776 2112 921 2197 predictis
941 2113 978 2179 de
1007 2111 1182 2179 huiusmodi
1204 2111 1294 2177 vitria
1325 2109 1490 2176 cnfidenter

260 2227 416 2310 prouidere
431 2229 552 2312 paratos
568 2227 639 2307 iore,
661 2247 778 2295 necnon
793 2229 912 2296 litterae
927 2229 1048 2296 nostras
1062 2228 1215 2313 predictas
1236 2228 1270 2292 in
1286 2227 1337 2292 sui
1357 2224 1489 2292 nomnen

259 2341 458 2427 preludicinm
482 2362 649 2423 emanasse,
672 2344 760 2412 nobis
775 2345 835 2411 init
849 2344 1008 2412 humiliter
1030 2344 1243 2428 supplicatum,
1265 2343 1301 2408 ut
1324 2342 1369 2408 eis
1389 2341 1489 2424 inpin-

259 2457 365 2524 missis
387 2459 532 2542 oportune
554 2457 710 2543 providere
732 2460 770 2527 do
792 2459 983 2546 benignitate
1004 2460 1171 2544 cpostolica
1192 2457 1397 2543 dignaremur.
1437 2454 1490 2520 llos

257 2572 355 2658 igitur
368 2573 568 2653 attendentes,
591 2575 670 2660 quod
684 2578 819 2661 tempore
841 2575 1044 2644 concessionis
1059 2575 1209 2641 dictarum
1225 2576 1398 2640 nostrarum
1417 2571 1490 2637 litte·

258 2707 361 2756 rarum
385 2690 422 2756 de
443 2690 563 2757 decreto
585 2693 617 2758 et
639 2693 834 2759 concessione
857 2691 988 2758 sedecim
1011 2691 1154 2770 uirorum,
1183 2709 1219 2756 ac
1240 2689 1356 2756 litteris
1377 2687 1448 2754 Sinti
1466 2687 1491 2750 ct

259 2806 368 2872 leonis
391 2806 644 2890 predecessorum,
667 2807 842 2874 huiusmodi
863 2807 1009 2874 noticiam
1032 2825 1092 2873 non
1119 2805 1292 2886 habuimus,
1322 2799 1491 2890 quodquesi

257 2921 313 2986 illa
335 2921 368 2987 in
390 2921 537 3007 petitione
560 2921 753 2990 Nascentorii
782 2923 956 2990 huiusmodi
978 2941 1120 3007 expressa
1141 2921 1281 3000 fuissent,
1313 2939 1368 2986 nos
1387 2919 1491 2985 litteras

258 3039 380 3102 nosbas
402 3037 577 3104 huiusmodi
606 3037 687 3105 dicto
710 3037 910 3105 Nascentorio
933 3057 993 3106 non
1023 3037 1287 3115 concessissemus,
1316 3033 1491 3102 accolentes

259 3151 423 3219 eorundem
454 3153 611 3220 Laurentii
642 3156 674 3220 et
705 3153 843 3220 Caesarb
874 3154 970 3241 quieti
998 3155 1030 3220 et
1060 3152 1316 3219 indemnitatibus
1345 3149 1491 3220 consulem

259 3268 400 3353 ipsosque
428 3269 626 3336 laurentium
657 3272 688 3336 et
717 3269 878 3337 Caesarem
908 3289 943 3337 ac
971 3289 1075 3336 eorum
1105 3267 1274 3352 quemlibet
1304 3285 1323 3332 a
1351 3261 1491 3350 quibusvis

258 3383 586 3464 excommunicationis,
609 3387 817 3469 suspensionis
832 3388 863 3452 et
877 3385 1041 3464 interdicti,
1063 3383 1192 3468 aliisque
1207 3380 1419 3449 ecclesiasticis
1432 3397 1490 3442 sen·
1544 3445 1545 3448 ,

258 3500 374 3572 tentiis,
403 3501 539 3567 censuris
563 3503 594 3567 et
623 3502 710 3584 penis
734 3502 839 3567 eiuro
862 3501 971 3567 veleb
1000 3499 1124 3568 bomine
1153 3498 1260 3582 quavis
1283 3497 1434 3564 occasione
1453 3491 1491 3556 rel

259 3633 350 3682 causa
372 3614 454 3695 latis,
477 3616 630 3700 siquibus
654 3616 882 3701 quomodolibet
896 3615 1036 3682 innodata¹
1057 3613 1198 3692 erutam,
1221 3613 1260 3678 ad
1276 3613 1414 3678 effectum
1433 3625 1490 3693 pre

259 3732 392 3798 sentium
414 3731 574 3798 dumtaxat
588 3732 831 3816 consequendum
853 3732 962 3797 borum
985 3730 1062 3796 serie
1077 3729 1278 3806 abmlventos,
1300 3729 1333 3794 et
1354 3723 1492 3792 absolutos

258 3849 321 3914 iore
343 3849 509 3925 censentes,
532 3847 689 3914 Laurentii
711 3849 742 3914 et
757 3847 895 3914 Caesaris
919 3845 1192 3930 supplicationibus
1215 3842 1366 3920 inclinati,
1388 3839 1492 3906 litteras

259 3964 380 4030 nostras
402 3961 563 4047 predictae,
586 3981 621 4029 ae
635 3963 738 4028 omnia
761 3964 792 4028 et
815 3962 937 4047 singula
960 3979 1013 4045 per
1035 3980 1087 4027 eae
1102 3977 1244 4026 concessa
1266 3959 1298 4024 et
1320 3957 1353 4022 in
1368 3955 1411 4021 eis
1431 3971 1491 4018 con·

259 4080 344 4145 tenta
373 4077 552 4144 auctoritate
581 4077 748 4162 apostolica
776 4079 808 4144 et
834 4097 869 4145 en
899 4079 1003 4142 nostra
1033 4075 1161 4143 scientia
1189 4076 1293 4140 tenore
1322 4067 1492 4156 presentium

259 4211 426 4272 cessamus,
449 4191 615 4272 irritamus,
639 4211 814 4259 revocamus
837 4193 868 4258 et
890 4191 1094 4271 annullamus,
1124 4208 1159 4256 ac
1182 4189 1298 4255 nulline
1322 4184 1435 4253 roboris
1455 4178 1493 4245 rel

260 4307 424 4375 momenti
438 4307 533 4372 tuisse
562 4308 594 4373 et
615 4327 690 4384 esse,
720 4310 752 4373 et
779 4306 905 4391 perinde
934 4306 1042 4373 baberi
1069 4324 1104 4373 ae
1127 4305 1155 4372 si
1182 4321 1341 4388 nmquam
1370 4311 1494 4368 oonceest

260 4419 405 4496 luissent,
434 4419 638 4500 decernimus,
669 4440 784 4489 necnon
813 4421 933 4488 litteras
964 4419 1042 4488 Sinti
1070 4423 1102 4488 et
1123 4419 1233 4488 leonis
1263 4417 1494 4504 predecessorum
