<?xml version="1.0" encoding="UTF-8"?>
<!DOCTYPE html PUBLIC "-//W3C//DTD XHTML 1.0 Transitional//EN"
    "http://www.w3.org/TR/xhtml1/DTD/xhtml1-transitional.dtd">
<html xmlns="http://www.w3.org/1999/xhtml" xml:lang="en" lang="en">
 <head>
  <title>
</title>
<meta http-equiv="Content-Type" content="text/html;charset=utf-8" />
  <meta name='ocr-system' content='tesseract 3.04.00' />
  <meta name='ocr-capabilities' content='ocr_page ocr_carea ocr_par ocr_line ocrx_word'/>
</head>
<body>
  <div class='ocr_page' id='page_1' title='image "./monumentasaecul00sadogoog_0388.png"; bbox 0 0 3132 4910; ppageno 0'>
   <div class='ocr_carea' id='block_1_1' title="bbox 596 366 840 437">
    <p class='ocr_par' dir='ltr' id='par_1_1' title="bbox 596 366 840 437">
     <span class='ocr_line' id='line_1_1' title="bbox 596 366 840 437; baseline -0.008 0"><span class='ocrx_word' id='word_1_1' title='bbox 596 366 750 437; x_wconf 85' lang='grc'><strong>-369</strong></span> <span class='ocrx_word' id='word_1_2' title='bbox 795 397 840 421; x_wconf 85' lang='lat'>-</span> 
     </span>
    </p>
   </div>
   <div class='ocr_carea' id='block_1_2' title="bbox 90 561 1449 656">
    <p class='ocr_par' dir='ltr' id='par_1_2' title="bbox 90 561 1449 656">
     <span class='ocr_line' id='line_1_2' title="bbox 90 561 1449 656; baseline 0.004 -26"><span class='ocrx_word' id='word_1_3' title='bbox 90 561 279 650; x_wconf 74' lang='lat' dir='ltr'>ungerem</span> <span class='ocrx_word' id='word_1_4' title='bbox 308 561 447 631; x_wconf 88' lang='lat' dir='ltr'>institiae</span> <span class='ocrx_word' id='word_1_5' title='bbox 470 561 600 647; x_wconf 76' lang='lat' dir='ltr'>offerres,</span> <span class='ocrx_word' id='word_1_6' title='bbox 629 566 674 632; x_wconf 88' lang='lat' dir='ltr'>ita</span> <span class='ocrx_word' id='word_1_7' title='bbox 702 567 808 633; x_wconf 90' lang='lat' dir='ltr'>tamen</span> <span class='ocrx_word' id='word_1_8' title='bbox 830 567 864 632; x_wconf 91' lang='lat' dir='ltr'>nt</span> <span class='ocrx_word' id='word_1_9' title='bbox 887 579 1078 656; x_wconf 76' lang='lat' dir='ltr'>neqoaqoam</span> <span class='ocrx_word' id='word_1_10' title='bbox 1106 582 1142 634; x_wconf 85' lang='lat' dir='ltr'>ex</span> <span class='ocrx_word' id='word_1_11' title='bbox 1158 561 1268 635; x_wconf 86' lang='lat' dir='ltr'>ordine</span> <span class='ocrx_word' id='word_1_12' title='bbox 1290 565 1340 635; x_wconf 90' lang='lat' dir='ltr'>in·</span> <span class='ocrx_word' id='word_1_13' title='bbox 1446 590 1449 597; x_wconf 73' lang='grc'>’</span> 
     </span>
    </p>
   </div>
   <div class='ocr_carea' id='block_1_3' title="bbox 84 680 1431 2385">
    <p class='ocr_par' dir='ltr' id='par_1_3' title="bbox 84 680 1431 2385">
     <span class='ocr_line' id='line_1_3' title="bbox 90 680 1341 768; baseline 0.003 -22"><span class='ocrx_word' id='word_1_14' title='bbox 90 681 194 747; x_wconf 80' lang='lat' dir='ltr'>stitisse</span> <span class='ocrx_word' id='word_1_15' title='bbox 223 680 369 748; x_wconf 88' lang='lat' dir='ltr'>indiciam</span> <span class='ocrx_word' id='word_1_16' title='bbox 399 681 491 765; x_wconf 83' lang='lat' dir='ltr'>atque</span> <span class='ocrx_word' id='word_1_17' title='bbox 520 680 704 748; x_wconf 89' lang='lat' dir='ltr'>sententiam</span> <span class='ocrx_word' id='word_1_18' title='bbox 726 699 804 768; x_wconf 90' lang='lat' dir='ltr'>pena</span> <span class='ocrx_word' id='word_1_19' title='bbox 822 682 1020 764; x_wconf 75' lang='lat' dir='ltr'>antecederet,</span> <span class='ocrx_word' id='word_1_20' title='bbox 1042 683 1097 749; x_wconf 91' lang='lat' dir='ltr'>ubi</span> <span class='ocrx_word' id='word_1_21' title='bbox 1131 701 1236 750; x_wconf 91' lang='lat' dir='ltr'>eorum</span> <span class='ocrx_word' id='word_1_22' title='bbox 1265 703 1341 768; x_wconf 88' lang='lat' dir='ltr'>quae</span> 
     </span>
     <span class='ocr_line' id='line_1_4' title="bbox 89 796 1342 866; baseline 0.002 -5"><span class='ocrx_word' id='word_1_23' title='bbox 89 799 161 862; x_wconf 91' lang='lat' dir='ltr'>tunc</span> <span class='ocrx_word' id='word_1_24' title='bbox 185 796 331 864; x_wconf 78' lang='lat' dir='ltr'>adversam</span> <span class='ocrx_word' id='word_1_25' title='bbox 360 796 494 864; x_wconf 89' lang='lat' dir='ltr'>rationes</span> <span class='ocrx_word' id='word_1_26' title='bbox 523 799 593 864; x_wconf 89' lang='lat' dir='ltr'>tuas</span> <span class='ocrx_word' id='word_1_27' title='bbox 616 817 635 863; x_wconf 92' lang='lat' dir='ltr'>a</span> <span class='ocrx_word' id='word_1_28' title='bbox 657 798 719 864; x_wconf 90' lang='lat' dir='ltr'>tuis</span> <span class='ocrx_word' id='word_1_29' title='bbox 747 797 875 865; x_wconf 89' lang='lat' dir='ltr'>ducibus</span> <span class='ocrx_word' id='word_1_30' title='bbox 905 799 1018 864; x_wconf 74' lang='lat' dir='ltr'>metata</span> <span class='ocrx_word' id='word_1_31' title='bbox 1040 800 1071 864; x_wconf 93' lang='lat' dir='ltr'>et</span> <span class='ocrx_word' id='word_1_32' title='bbox 1094 799 1132 864; x_wconf 92' lang='lat' dir='ltr'>ad</span> <span class='ocrx_word' id='word_1_33' title='bbox 1156 819 1210 864; x_wconf 93' lang='lat' dir='ltr'>nos</span> <span class='ocrx_word' id='word_1_34' title='bbox 1240 798 1342 866; x_wconf 90' lang='lat' dir='ltr'>delata</span> 
     </span>
     <span class='ocr_line' id='line_1_5' title="bbox 89 912 1341 1000; baseline 0.003 -24"><span class='ocrx_word' id='word_1_35' title='bbox 89 913 184 977; x_wconf 86' lang='lat' dir='ltr'>etiam</span> <span class='ocrx_word' id='word_1_36' title='bbox 215 912 348 992; x_wconf 79' lang='lat' dir='ltr'>tierent,</span> <span class='ocrx_word' id='word_1_37' title='bbox 379 913 500 998; x_wconf 90' lang='lat' dir='ltr'>culpam</span> <span class='ocrx_word' id='word_1_38' title='bbox 523 913 556 979; x_wconf 92' lang='lat' dir='ltr'>in</span> <span class='ocrx_word' id='word_1_39' title='bbox 586 913 770 997; x_wconf 80' lang='lat' dir='ltr'>quibusdam</span> <span class='ocrx_word' id='word_1_40' title='bbox 799 932 866 980; x_wconf 88' lang='lat' dir='ltr'>esse</span> <span class='ocrx_word' id='word_1_41' title='bbox 895 913 1079 980; x_wconf 90' lang='lat' dir='ltr'>dicebamus.</span> <span class='ocrx_word' id='word_1_42' title='bbox 1125 915 1170 980; x_wconf 80' lang='lat' dir='ltr'>l&#39;u</span> <span class='ocrx_word' id='word_1_43' title='bbox 1200 933 1259 1000; x_wconf 89' lang='lat' dir='ltr'>quo</span> <span class='ocrx_word' id='word_1_44' title='bbox 1286 935 1341 980; x_wconf 91' lang='lat' dir='ltr'>nos</span> 
     </span>
     <span class='ocr_line' id='line_1_6' title="bbox 89 1027 1340 1112; baseline 0.002 -20"><span class='ocrx_word' id='word_1_45' title='bbox 89 1027 311 1112; x_wconf 85' lang='lat' dir='ltr'>quodammodo</span> <span class='ocrx_word' id='word_1_46' title='bbox 333 1027 535 1108; x_wconf 74' lang='lat' dir='ltr'>criminarerc</span> <span class='ocrx_word' id='word_1_47' title='bbox 559 1029 629 1094; x_wconf 91' lang='lat' dir='ltr'>illos</span> <span class='ocrx_word' id='word_1_48' title='bbox 651 1030 805 1095; x_wconf 87' lang='lat' dir='ltr'>immanes</span> <span class='ocrx_word' id='word_1_49' title='bbox 828 1028 967 1094; x_wconf 89' lang='lat' dir='ltr'>criminis</span> <span class='ocrx_word' id='word_1_50' title='bbox 990 1029 1136 1095; x_wconf 84' lang='lat' dir='ltr'>fatereris.</span> <span class='ocrx_word' id='word_1_51' title='bbox 1175 1027 1260 1110; x_wconf 83' lang='lat' dir='ltr'>Quae</span> <span class='ocrx_word' id='word_1_52' title='bbox 1281 1029 1340 1096; x_wconf 92' lang='lat' dir='ltr'>tibi</span> 
     </span>
     <span class='ocr_line' id='line_1_7' title="bbox 88 1144 1342 1229; baseline 0.002 -21"><span class='ocrx_word' id='word_1_53' title='bbox 88 1144 221 1228; x_wconf 87' lang='lat' dir='ltr'>benigne</span> <span class='ocrx_word' id='word_1_54' title='bbox 244 1146 275 1209; x_wconf 89' lang='lat' dir='ltr'>et</span> <span class='ocrx_word' id='word_1_55' title='bbox 297 1146 381 1228; x_wconf 85' lang='lat' dir='ltr'>large</span> <span class='ocrx_word' id='word_1_56' title='bbox 404 1144 637 1228; x_wconf 81' lang='lat' dir='ltr'>pollicebamur,</span> <span class='ocrx_word' id='word_1_57' title='bbox 659 1164 696 1210; x_wconf 91' lang='lat' dir='ltr'>ea</span> <span class='ocrx_word' id='word_1_58' title='bbox 717 1146 751 1210; x_wconf 91' lang='lat' dir='ltr'>to</span> <span class='ocrx_word' id='word_1_59' title='bbox 775 1147 922 1229; x_wconf 89' lang='lat' dir='ltr'>tanquam</span> <span class='ocrx_word' id='word_1_60' title='bbox 944 1145 1003 1210; x_wconf 89' lang='lat' dir='ltr'>tibi</span> <span class='ocrx_word' id='word_1_61' title='bbox 1026 1144 1129 1210; x_wconf 89' lang='lat' dir='ltr'>debita</span> <span class='ocrx_word' id='word_1_62' title='bbox 1151 1145 1182 1208; x_wconf 91' lang='lat' dir='ltr'>et</span> <span class='ocrx_word' id='word_1_63' title='bbox 1205 1145 1342 1229; x_wconf 83' lang='lat' dir='ltr'>obligata</span> 
     </span>
     <span class='ocr_line' id='line_1_8' title="bbox 90 1257 1343 1345; baseline 0.001 -22"><span class='ocrx_word' id='word_1_64' title='bbox 90 1259 262 1343; x_wconf 61' lang='lat' dir='ltr'>flagitarem</span> <span class='ocrx_word' id='word_1_65' title='bbox 285 1259 318 1324; x_wconf 91' lang='lat' dir='ltr'>iu</span> <span class='ocrx_word' id='word_1_66' title='bbox 341 1279 399 1345; x_wconf 89' lang='lat' dir='ltr'>quo</span> <span class='ocrx_word' id='word_1_67' title='bbox 422 1279 493 1326; x_wconf 89' lang='lat' dir='ltr'>vero</span> <span class='ocrx_word' id='word_1_68' title='bbox 515 1261 709 1345; x_wconf 90' lang='lat' dir='ltr'>perspicuum</span> <span class='ocrx_word' id='word_1_69' title='bbox 731 1258 878 1325; x_wconf 89' lang='lat' dir='ltr'>iudicium</span> <span class='ocrx_word' id='word_1_70' title='bbox 907 1257 1046 1326; x_wconf 87' lang='lat' dir='ltr'>constitit</span> <span class='ocrx_word' id='word_1_71' title='bbox 1069 1277 1124 1324; x_wconf 92' lang='lat' dir='ltr'>nos</span> <span class='ocrx_word' id='word_1_72' title='bbox 1147 1259 1242 1336; x_wconf 76' lang='lat' dir='ltr'>abste,</span> <span class='ocrx_word' id='word_1_73' title='bbox 1265 1257 1343 1324; x_wconf 90' lang='lat' dir='ltr'>illud</span> 
     </span>
     <span class='ocr_line' id='line_1_9' title="bbox 88 1373 1341 1460; baseline 0.002 -22"><span class='ocrx_word' id='word_1_74' title='bbox 88 1379 118 1439; x_wconf 90' lang='lat' dir='ltr'>et</span> <span class='ocrx_word' id='word_1_75' title='bbox 141 1393 197 1458; x_wconf 92' lang='lat' dir='ltr'>pro</span> <span class='ocrx_word' id='word_1_76' title='bbox 227 1374 324 1441; x_wconf 81' lang='lat' dir='ltr'>nihilo</span> <span class='ocrx_word' id='word_1_77' title='bbox 352 1375 473 1456; x_wconf 84' lang='lat' dir='ltr'>haberi,</span> <span class='ocrx_word' id='word_1_78' title='bbox 503 1375 570 1460; x_wconf 92' lang='lat' dir='ltr'>ipsa</span> <span class='ocrx_word' id='word_1_79' title='bbox 593 1376 648 1441; x_wconf 86' lang='lat' dir='ltr'>illa</span> <span class='ocrx_word' id='word_1_80' title='bbox 675 1374 809 1459; x_wconf 89' lang='lat' dir='ltr'>capitula</span> <span class='ocrx_word' id='word_1_81' title='bbox 837 1373 966 1441; x_wconf 88' lang='lat' dir='ltr'>remissa</span> <span class='ocrx_word' id='word_1_82' title='bbox 989 1373 1028 1440; x_wconf 90' lang='lat' dir='ltr'>ad</span> <span class='ocrx_word' id='word_1_83' title='bbox 1050 1375 1081 1440; x_wconf 90' lang='lat' dir='ltr'>te</span> <span class='ocrx_word' id='word_1_84' title='bbox 1104 1377 1139 1440; x_wconf 90' lang='lat' dir='ltr'>ut</span> <span class='ocrx_word' id='word_1_85' title='bbox 1161 1375 1341 1460; x_wconf 88' lang='lat' dir='ltr'>comproba·</span> 
     </span>
     <span class='ocr_line' id='line_1_10' title="bbox 89 1490 1342 1575; baseline 0.002 -21"><span class='ocrx_word' id='word_1_86' title='bbox 89 1491 203 1570; x_wconf 79' lang='lat' dir='ltr'>rentur,</span> <span class='ocrx_word' id='word_1_87' title='bbox 227 1509 297 1556; x_wconf 90' lang='lat' dir='ltr'>cunr</span> <span class='ocrx_word' id='word_1_88' title='bbox 320 1490 368 1556; x_wconf 91' lang='lat' dir='ltr'>illi</span> <span class='ocrx_word' id='word_1_89' title='bbox 382 1490 512 1557; x_wconf 76' lang='lat' dir='ltr'><strong>facultas</strong></span> <span class='ocrx_word' id='word_1_90' title='bbox 536 1493 634 1575; x_wconf 90' lang='lat' dir='ltr'>primo</span> <span class='ocrx_word' id='word_1_91' title='bbox 657 1509 799 1557; x_wconf 89' lang='lat' dir='ltr'>concessa</span> <span class='ocrx_word' id='word_1_92' title='bbox 814 1490 934 1556; x_wconf 86' lang='lat' dir='ltr'>uberior</span> <span class='ocrx_word' id='word_1_93' title='bbox 954 1491 1044 1570; x_wconf 87' lang='lat' dir='ltr'>esset,</span> <span class='ocrx_word' id='word_1_94' title='bbox 1067 1509 1161 1575; x_wconf 90' lang='lat' dir='ltr'>quum</span> <span class='ocrx_word' id='word_1_95' title='bbox 1184 1491 1246 1557; x_wconf 90' lang='lat' dir='ltr'>iarn</span> <span class='ocrx_word' id='word_1_96' title='bbox 1269 1509 1342 1556; x_wconf 81' lang='lat' dir='ltr'>oon-</span> 
     </span>
     <span class='ocr_line' id='line_1_11' title="bbox 88 1605 1344 1691; baseline 0 -20"><span class='ocrx_word' id='word_1_97' title='bbox 88 1605 202 1671; x_wconf 87' lang='lat' dir='ltr'>lectam</span> <span class='ocrx_word' id='word_1_98' title='bbox 218 1606 407 1672; x_wconf 89' lang='lat' dir='ltr'>concordiam</span> <span class='ocrx_word' id='word_1_99' title='bbox 425 1625 494 1672; x_wconf 92' lang='lat' dir='ltr'>cum</span> <span class='ocrx_word' id='word_1_100' title='bbox 510 1607 677 1674; x_wconf 86' lang='lat' dir='ltr'>christiano</span> <span class='ocrx_word' id='word_1_101' title='bbox 693 1625 763 1691; x_wconf 89' lang='lat' dir='ltr'>rege</span> <span class='ocrx_word' id='word_1_102' title='bbox 778 1606 912 1672; x_wconf 89' lang='lat' dir='ltr'>habebas</span> <span class='ocrx_word' id='word_1_103' title='bbox 928 1606 960 1672; x_wconf 90' lang='lat' dir='ltr'>tu</span> <span class='ocrx_word' id='word_1_104' title='bbox 977 1606 1008 1672; x_wconf 92' lang='lat' dir='ltr'>et</span> <span class='ocrx_word' id='word_1_105' title='bbox 1022 1605 1223 1672; x_wconf 89' lang='lat' dir='ltr'>restictiorem</span> <span class='ocrx_word' id='word_1_106' title='bbox 1246 1607 1344 1671; x_wconf 89' lang='lat' dir='ltr'>multo</span> 
     </span>
     <span class='ocr_line' id='line_1_12' title="bbox 87 1718 1342 1806; baseline 0 -20"><span class='ocrx_word' id='word_1_107' title='bbox 87 1741 183 1805; x_wconf 89' lang='lat' dir='ltr'>quam</span> <span class='ocrx_word' id='word_1_108' title='bbox 205 1721 292 1806; x_wconf 88' lang='lat' dir='ltr'>prins</span> <span class='ocrx_word' id='word_1_109' title='bbox 307 1723 338 1788; x_wconf 90' lang='lat' dir='ltr'>et</span> <span class='ocrx_word' id='word_1_110' title='bbox 353 1722 534 1789; x_wconf 73' lang='lat' dir='ltr'>secederem</span> <span class='ocrx_word' id='word_1_111' title='bbox 556 1721 766 1800; x_wconf 79' lang='lat' dir='ltr'>transmisisti,</span> <span class='ocrx_word' id='word_1_112' title='bbox 781 1721 974 1806; x_wconf 87' lang='lat' dir='ltr'>apertissime</span> <span class='ocrx_word' id='word_1_113' title='bbox 996 1718 1135 1786; x_wconf 90' lang='lat' dir='ltr'>indicens</span> <span class='ocrx_word' id='word_1_114' title='bbox 1149 1739 1206 1787; x_wconf 91' lang='lat' dir='ltr'>nos</span> <span class='ocrx_word' id='word_1_115' title='bbox 1224 1722 1342 1805; x_wconf 89' lang='lat' dir='ltr'>postre-</span> 
     </span>
     <span class='ocr_line' id='line_1_13' title="bbox 90 1833 1344 1919; baseline -0.002 -15"><span class='ocrx_word' id='word_1_116' title='bbox 90 1855 159 1904; x_wconf 90' lang='lat' dir='ltr'>mos</span> <span class='ocrx_word' id='word_1_117' title='bbox 175 1855 253 1919; x_wconf 75' lang='lat' dir='ltr'>esse,</span> <span class='ocrx_word' id='word_1_118' title='bbox 270 1839 422 1904; x_wconf 78' lang='lat' dir='ltr'>contemni</span> <span class='ocrx_word' id='word_1_119' title='bbox 438 1841 493 1904; x_wconf 91' lang='lat' dir='ltr'>abs</span> <span class='ocrx_word' id='word_1_120' title='bbox 508 1840 539 1904; x_wconf 85' lang='lat' dir='ltr'>te</span> <span class='ocrx_word' id='word_1_121' title='bbox 554 1839 607 1904; x_wconf 93' lang='lat' dir='ltr'>ubi</span> <span class='ocrx_word' id='word_1_122' title='bbox 622 1837 680 1904; x_wconf 92' lang='lat' dir='ltr'>tibi</span> <span class='ocrx_word' id='word_1_123' title='bbox 690 1837 826 1903; x_wconf 90' lang='lat' dir='ltr'>amicitia</span> <span class='ocrx_word' id='word_1_124' title='bbox 841 1857 910 1902; x_wconf 93' lang='lat' dir='ltr'>cum</span> <span class='ocrx_word' id='word_1_125' title='bbox 926 1836 997 1903; x_wconf 93' lang='lat' dir='ltr'>aliis</span> <span class='ocrx_word' id='word_1_126' title='bbox 1013 1836 1209 1903; x_wconf 84' lang='lat' dir='ltr'>convenisset.</span> <span class='ocrx_word' id='word_1_127' title='bbox 1226 1833 1344 1917; x_wconf 81' lang='lat' dir='ltr'>Quibus</span> 
     </span>
     <span class='ocr_line' id='line_1_14' title="bbox 86 1951 1342 2039; baseline 0 -21"><span class='ocrx_word' id='word_1_128' title='bbox 86 1954 133 2018; x_wconf 83' lang='lat' dir='ltr'>tat</span> <span class='ocrx_word' id='word_1_129' title='bbox 156 1953 255 2018; x_wconf 91' lang='lat' dir='ltr'>animi</span> <span class='ocrx_word' id='word_1_130' title='bbox 282 1955 328 2019; x_wconf 89' lang='lat' dir='ltr'>tui</span> <span class='ocrx_word' id='word_1_131' title='bbox 350 1973 423 2039; x_wconf 88' lang='lat' dir='ltr'>erga</span> <span class='ocrx_word' id='word_1_132' title='bbox 450 1972 504 2020; x_wconf 92' lang='lat' dir='ltr'>nos</span> <span class='ocrx_word' id='word_1_133' title='bbox 535 1974 595 2021; x_wconf 94' lang='lat' dir='ltr'>non</span> <span class='ocrx_word' id='word_1_134' title='bbox 625 1955 701 2020; x_wconf 89' lang='lat' dir='ltr'>bene</span> <span class='ocrx_word' id='word_1_135' title='bbox 723 1953 865 2038; x_wconf 85' lang='lat' dir='ltr'>dispositi</span> <span class='ocrx_word' id='word_1_136' title='bbox 896 1952 1171 2038; x_wconf 89' lang='lat' dir='ltr'>significationibus</span> <span class='ocrx_word' id='word_1_137' title='bbox 1201 1951 1342 2019; x_wconf 90' lang='lat' dir='ltr'>animad-</span> 
     </span>
     <span class='ocr_line' id='line_1_15' title="bbox 86 2067 1345 2155; baseline -0.001 -21"><span class='ocrx_word' id='word_1_138' title='bbox 86 2069 195 2149; x_wconf 86' lang='lat' dir='ltr'>versis,</span> <span class='ocrx_word' id='word_1_139' title='bbox 219 2088 289 2135; x_wconf 92' lang='lat' dir='ltr'>cum</span> <span class='ocrx_word' id='word_1_140' title='bbox 313 2069 377 2137; x_wconf 84' lang='lat' dir='ltr'>sive</span> <span class='ocrx_word' id='word_1_141' title='bbox 400 2089 435 2136; x_wconf 90' lang='lat' dir='ltr'>ea</span> <span class='ocrx_word' id='word_1_142' title='bbox 465 2071 518 2135; x_wconf 87' lang='lat' dir='ltr'>tna</span> <span class='ocrx_word' id='word_1_143' title='bbox 540 2069 661 2155; x_wconf 88' lang='lat' dir='ltr'>propria</span> <span class='ocrx_word' id='word_1_144' title='bbox 684 2071 767 2136; x_wconf 89' lang='lat' dir='ltr'>esset</span> <span class='ocrx_word' id='word_1_145' title='bbox 788 2071 930 2136; x_wconf 87' lang='lat' dir='ltr'>voluntas</span> <span class='ocrx_word' id='word_1_146' title='bbox 960 2071 1030 2134; x_wconf 89' lang='lat' dir='ltr'>tuae</span> <span class='ocrx_word' id='word_1_147' title='bbox 1052 2068 1085 2135; x_wconf 93' lang='lat' dir='ltr'>in</span> <span class='ocrx_word' id='word_1_148' title='bbox 1116 2087 1171 2135; x_wconf 93' lang='lat' dir='ltr'>nos</span> <span class='ocrx_word' id='word_1_149' title='bbox 1194 2067 1345 2134; x_wconf 87' lang='lat' dir='ltr'>voluntati</span> 
     </span>
     <span class='ocr_line' id='line_1_16' title="bbox 85 2182 1431 2270; baseline -0.002 -21"><span class='ocrx_word' id='word_1_150' title='bbox 85 2185 285 2250; x_wconf 89' lang='lat' dir='ltr'>vehementer</span> <span class='ocrx_word' id='word_1_151' title='bbox 306 2184 454 2252; x_wconf 84' lang='lat' dir='ltr'>dissidere</span> <span class='ocrx_word' id='word_1_152' title='bbox 476 2185 669 2270; x_wconf 81' lang='lat' dir='ltr'>cepissemus,</span> <span class='ocrx_word' id='word_1_153' title='bbox 694 2185 758 2251; x_wconf 81' lang='lat' dir='ltr'>sire</span> <span class='ocrx_word' id='word_1_154' title='bbox 780 2184 980 2268; x_wconf 90' lang='lat' dir='ltr'>quorumdam</span> <span class='ocrx_word' id='word_1_155' title='bbox 1004 2204 1038 2250; x_wconf 85' lang='lat' dir='ltr'>en</span> <span class='ocrx_word' id='word_1_156' title='bbox 1054 2183 1117 2249; x_wconf 89' lang='lat' dir='ltr'>tois</span> <span class='ocrx_word' id='word_1_157' title='bbox 1140 2182 1220 2268; x_wconf 89' lang='lat' dir='ltr'>quod</span> <span class='ocrx_word' id='word_1_158' title='bbox 1242 2183 1344 2267; x_wconf 86' lang='lat' dir='ltr'>magis</span> <span class='ocrx_word' id='word_1_159' title='bbox 1428 2239 1431 2246; x_wconf 87' lang='lat'><em>.</em></span> 
     </span>
     <span class='ocr_line' id='line_1_17' title="bbox 84 2297 1344 2385; baseline 0 -21"><span class='ocrx_word' id='word_1_160' title='bbox 84 2300 251 2379; x_wconf 85' lang='lat' dir='ltr'>oredimus,</span> <span class='ocrx_word' id='word_1_161' title='bbox 274 2302 457 2384; x_wconf 87' lang='lat' dir='ltr'>perversitas</span> <span class='ocrx_word' id='word_1_162' title='bbox 473 2303 503 2367; x_wconf 93' lang='lat' dir='ltr'>et</span> <span class='ocrx_word' id='word_1_163' title='bbox 518 2301 656 2385; x_wconf 83' lang='lat' dir='ltr'>maligna</span> <span class='ocrx_word' id='word_1_164' title='bbox 679 2301 794 2377; x_wconf 90' lang='lat' dir='ltr'>suasio;</span> <span class='ocrx_word' id='word_1_165' title='bbox 818 2301 940 2365; x_wconf 87' lang='lat' dir='ltr'>tantum</span> <span class='ocrx_word' id='word_1_166' title='bbox 956 2301 1023 2365; x_wconf 87' lang='lat' dir='ltr'>tum</span> <span class='ocrx_word' id='word_1_167' title='bbox 1046 2298 1099 2366; x_wconf 93' lang='lat' dir='ltr'>ille</span> <span class='ocrx_word' id='word_1_168' title='bbox 1114 2297 1194 2383; x_wconf 89' lang='lat' dir='ltr'>apud</span> <span class='ocrx_word' id='word_1_169' title='bbox 1210 2301 1240 2364; x_wconf 85' lang='lat' dir='ltr'>ta</span> <span class='ocrx_word' id='word_1_170' title='bbox 1255 2317 1344 2382; x_wconf 88' lang='lat' dir='ltr'>posse</span> 
     </span>
    </p>
   </div>
   <div class='ocr_carea' id='block_1_4' title="bbox 84 2411 1342 2616">
    <p class='ocr_par' dir='ltr' id='par_1_4' title="bbox 84 2411 1342 2616">
     <span class='ocr_line' id='line_1_18' title="bbox 85 2411 1340 2500; baseline -0.002 -20"><span class='ocrx_word' id='word_1_171' title='bbox 85 2416 284 2481; x_wconf 81' lang='lat' dir='ltr'>vehementer</span> <span class='ocrx_word' id='word_1_172' title='bbox 306 2417 509 2500; x_wconf 87' lang='lat' dir='ltr'>periculosum</span> <span class='ocrx_word' id='word_1_173' title='bbox 532 2416 779 2500; x_wconf 85' lang='lat' dir='ltr'>intelligeremus</span> <span class='ocrx_word' id='word_1_174' title='bbox 798 2416 885 2482; x_wconf 92' lang='lat' dir='ltr'>nobis</span> <span class='ocrx_word' id='word_1_175' title='bbox 908 2415 1024 2500; x_wconf 85' lang='lat' dir='ltr'>totique</span> <span class='ocrx_word' id='word_1_176' title='bbox 1047 2413 1171 2492; x_wconf 66' lang='lat' dir='ltr'>ltaliam</span> <span class='ocrx_word' id='word_1_177' title='bbox 1201 2411 1340 2498; x_wconf 89' lang='lat' dir='ltr'>perstiti·</span> 
     </span>
     <span class='ocr_line' id='line_1_19' title="bbox 84 2529 1342 2616; baseline -0.001 -21"><span class='ocrx_word' id='word_1_178' title='bbox 84 2549 157 2596; x_wconf 90' lang='lat' dir='ltr'>mus</span> <span class='ocrx_word' id='word_1_179' title='bbox 181 2533 250 2596; x_wconf 90' lang='lat' dir='ltr'>tom</span> <span class='ocrx_word' id='word_1_180' title='bbox 265 2531 298 2597; x_wconf 91' lang='lat' dir='ltr'>in</span> <span class='ocrx_word' id='word_1_181' title='bbox 321 2531 422 2598; x_wconf 66' lang='lat' dir='ltr'>dudio</span> <span class='ocrx_word' id='word_1_182' title='bbox 438 2533 468 2596; x_wconf 91' lang='lat' dir='ltr'>et</span> <span class='ocrx_word' id='word_1_183' title='bbox 490 2549 592 2596; x_wconf 88' lang='lat' dir='ltr'>amore</span> <span class='ocrx_word' id='word_1_184' title='bbox 606 2531 690 2616; x_wconf 85' lang='lat' dir='ltr'>pacis</span> <span class='ocrx_word' id='word_1_185' title='bbox 714 2533 745 2598; x_wconf 87' lang='lat' dir='ltr'>et</span> <span class='ocrx_word' id='word_1_186' title='bbox 767 2530 1010 2614; x_wconf 87' lang='lat' dir='ltr'>perstitissemus</span> <span class='ocrx_word' id='word_1_187' title='bbox 1032 2531 1176 2614; x_wconf 92' lang='lat' dir='ltr'>perpetuo</span> <span class='ocrx_word' id='word_1_188' title='bbox 1192 2529 1342 2614; x_wconf 89' lang='lat' dir='ltr'>solitaque</span> 
     </span>
    </p>
   </div>
   <div class='ocr_carea' id='block_1_5' title="bbox 81 2645 1342 4458">
    <p class='ocr_par' dir='ltr' id='par_1_5' title="bbox 81 2645 1342 4458">
     <span class='ocr_line' id='line_1_20' title="bbox 83 2645 1341 2732; baseline 0.002 -22"><span class='ocrx_word' id='word_1_189' title='bbox 83 2647 194 2710; x_wconf 89' lang='lat' dir='ltr'>nostra</span> <span class='ocrx_word' id='word_1_190' title='bbox 209 2664 295 2711; x_wconf 89' lang='lat' dir='ltr'>arma</span> <span class='ocrx_word' id='word_1_191' title='bbox 310 2647 476 2732; x_wconf 90' lang='lat' dir='ltr'>patientiae</span> <span class='ocrx_word' id='word_1_192' title='bbox 489 2647 651 2714; x_wconf 86' lang='lat' dir='ltr'>induentes</span> <span class='ocrx_word' id='word_1_193' title='bbox 673 2647 919 2732; x_wconf 90' lang='lat' dir='ltr'>permisissemus</span> <span class='ocrx_word' id='word_1_194' title='bbox 934 2646 999 2713; x_wconf 91' lang='lat' dir='ltr'>Deo</span> <span class='ocrx_word' id='word_1_195' title='bbox 1017 2664 1123 2711; x_wconf 91' lang='lat' dir='ltr'>omnes</span> <span class='ocrx_word' id='word_1_196' title='bbox 1139 2645 1273 2711; x_wconf 85' lang='lat' dir='ltr'>actiones</span> <span class='ocrx_word' id='word_1_197' title='bbox 1288 2665 1341 2712; x_wconf 88' lang='lat' dir='ltr'>ee-</span> 
     </span>
     <span class='ocr_line' id='line_1_21' title="bbox 82 2759 1342 2846; baseline 0 -20"><span class='ocrx_word' id='word_1_198' title='bbox 82 2760 314 2846; x_wconf 87' lang='lat' dir='ltr'>gitationesquo</span> <span class='ocrx_word' id='word_1_199' title='bbox 336 2763 466 2842; x_wconf 81' lang='lat' dir='ltr'>nostras,</span> <span class='ocrx_word' id='word_1_200' title='bbox 490 2763 516 2828; x_wconf 93' lang='lat' dir='ltr'>si</span> <span class='ocrx_word' id='word_1_201' title='bbox 531 2771 592 2828; x_wconf 91' lang='lat' dir='ltr'>non</span> <span class='ocrx_word' id='word_1_202' title='bbox 614 2764 736 2829; x_wconf 89' lang='lat' dir='ltr'>tuorum</span> <span class='ocrx_word' id='word_1_203' title='bbox 752 2761 918 2846; x_wconf 90' lang='lat' dir='ltr'>pertinacia</span> <span class='ocrx_word' id='word_1_204' title='bbox 940 2761 973 2828; x_wconf 92' lang='lat' dir='ltr'>in</span> <span class='ocrx_word' id='word_1_205' title='bbox 995 2759 1161 2827; x_wconf 90' lang='lat' dir='ltr'>obsidenda</span> <span class='ocrx_word' id='word_1_206' title='bbox 1183 2779 1250 2826; x_wconf 89' lang='lat' dir='ltr'>arce</span> <span class='ocrx_word' id='word_1_207' title='bbox 1274 2760 1342 2826; x_wconf 89' lang='lat' dir='ltr'>lde·</span> 
     </span>
     <span class='ocr_line' id='line_1_22' title="bbox 83 2876 1342 2963; baseline -0.001 -21"><span class='ocrx_word' id='word_1_208' title='bbox 83 2876 204 2942; x_wconf 90' lang='lat' dir='ltr'>diolani</span> <span class='ocrx_word' id='word_1_209' title='bbox 215 2876 357 2963; x_wconf 88' lang='lat' dir='ltr'>illiusque</span> <span class='ocrx_word' id='word_1_210' title='bbox 367 2878 512 2944; x_wconf 89' lang='lat' dir='ltr'>ultimum</span> <span class='ocrx_word' id='word_1_211' title='bbox 521 2897 613 2963; x_wconf 91' lang='lat' dir='ltr'>prope</span> <span class='ocrx_word' id='word_1_212' title='bbox 629 2878 793 2944; x_wconf 86' lang='lat' dir='ltr'>discrimen</span> <span class='ocrx_word' id='word_1_213' title='bbox 802 2897 857 2944; x_wconf 94' lang='lat' dir='ltr'>nos</span> <span class='ocrx_word' id='word_1_214' title='bbox 872 2877 911 2943; x_wconf 92' lang='lat' dir='ltr'>ad</span> <span class='ocrx_word' id='word_1_215' title='bbox 921 2876 1153 2942; x_wconf 85' lang='lat' dir='ltr'>sustentandam</span> <span class='ocrx_word' id='word_1_216' title='bbox 1167 2876 1342 2942; x_wconf 86' lang='lat' dir='ltr'>libertatem</span> 
     </span>
     <span class='ocr_line' id='line_1_23' title="bbox 83 2991 1341 3079; baseline -0.001 -23"><span class='ocrx_word' id='word_1_217' title='bbox 83 2992 197 3057; x_wconf 89' lang='lat' dir='ltr'>ltaliae</span> <span class='ocrx_word' id='word_1_218' title='bbox 221 2991 511 3079; x_wconf 87' lang='lat' dir='ltr'>discernendumque</span> <span class='ocrx_word' id='word_1_219' title='bbox 533 2994 614 3059; x_wconf 83' lang='lat' dir='ltr'>tacta</span> <span class='ocrx_word' id='word_1_220' title='bbox 637 2993 770 3059; x_wconf 71' lang='lat' dir='ltr'>acerbis</span> <span class='ocrx_word' id='word_1_221' title='bbox 793 3011 884 3078; x_wconf 89' lang='lat' dir='ltr'>prope</span> <span class='ocrx_word' id='word_1_222' title='bbox 908 3010 1047 3075; x_wconf 89' lang='lat' dir='ltr'>supremo</span> <span class='ocrx_word' id='word_1_223' title='bbox 1070 2993 1205 3074; x_wconf 85' lang='lat' dir='ltr'>tempore</span> <span class='ocrx_word' id='word_1_224' title='bbox 1227 2991 1341 3057; x_wconf 84' lang='lat' dir='ltr'>excita·</span> 
     </span>
     <span class='ocr_line' id='line_1_24' title="bbox 83 3106 1342 3195; baseline -0.001 -23"><span class='ocrx_word' id='word_1_225' title='bbox 83 3107 193 3173; x_wconf 83' lang='lat' dir='ltr'>risset.</span> <span class='ocrx_word' id='word_1_226' title='bbox 226 3108 411 3174; x_wconf 81' lang='lat' dir='ltr'>Praesertim</span> <span class='ocrx_word' id='word_1_227' title='bbox 426 3127 496 3174; x_wconf 90' lang='lat' dir='ltr'>oum</span> <span class='ocrx_word' id='word_1_228' title='bbox 518 3129 576 3195; x_wconf 89' lang='lat' dir='ltr'>qno</span> <span class='ocrx_word' id='word_1_229' title='bbox 598 3109 700 3175; x_wconf 90' lang='lat' dir='ltr'>minus</span> <span class='ocrx_word' id='word_1_230' title='bbox 723 3108 759 3174; x_wconf 92' lang='lat' dir='ltr'>de</span> <span class='ocrx_word' id='word_1_231' title='bbox 774 3110 829 3174; x_wconf 89' lang='lat' dir='ltr'>tua</span> <span class='ocrx_word' id='word_1_232' title='bbox 843 3109 999 3174; x_wconf 88' lang='lat' dir='ltr'>voluntate</span> <span class='ocrx_word' id='word_1_233' title='bbox 1021 3106 1162 3173; x_wconf 89' lang='lat' dir='ltr'>dubitare</span> <span class='ocrx_word' id='word_1_234' title='bbox 1183 3125 1342 3190; x_wconf 87' lang='lat' dir='ltr'>possamus</span> 
     </span>
     <span class='ocr_line' id='line_1_25' title="bbox 82 3220 1340 3308; baseline -0.002 -20"><span class='ocrx_word' id='word_1_235' title='bbox 82 3225 140 3288; x_wconf 91' lang='lat' dir='ltr'>tua</span> <span class='ocrx_word' id='word_1_236' title='bbox 163 3223 198 3288; x_wconf 91' lang='lat' dir='ltr'>in</span> <span class='ocrx_word' id='word_1_237' title='bbox 223 3222 372 3307; x_wconf 87' lang='lat' dir='ltr'>Hispania</span> <span class='ocrx_word' id='word_1_238' title='bbox 394 3223 433 3289; x_wconf 95' lang='lat' dir='ltr'>ad</span> <span class='ocrx_word' id='word_1_239' title='bbox 456 3223 684 3308; x_wconf 85' lang='lat' dir='ltr'>deprimendam</span> <span class='ocrx_word' id='word_1_240' title='bbox 714 3223 931 3289; x_wconf 83' lang='lat' dir='ltr'>authoritatem</span> <span class='ocrx_word' id='word_1_241' title='bbox 955 3221 1083 3289; x_wconf 87' lang='lat' dir='ltr'>Sanctae</span> <span class='ocrx_word' id='word_1_242' title='bbox 1107 3220 1194 3286; x_wconf 88' lang='lat' dir='ltr'>Sedis</span> <span class='ocrx_word' id='word_1_243' title='bbox 1217 3223 1340 3305; x_wconf 88' lang='lat' dir='ltr'>aposto-</span> 
     </span>
     <span class='ocr_line' id='line_1_26' title="bbox 81 3335 1342 3424; baseline -0.002 -21"><span class='ocrx_word' id='word_1_244' title='bbox 81 3338 164 3404; x_wconf 90' lang='lat' dir='ltr'>licae</span> <span class='ocrx_word' id='word_1_245' title='bbox 187 3339 221 3404; x_wconf 89' lang='lat' dir='ltr'>et</span> <span class='ocrx_word' id='word_1_246' title='bbox 236 3339 350 3404; x_wconf 90' lang='lat' dir='ltr'>summi</span> <span class='ocrx_word' id='word_1_247' title='bbox 364 3338 517 3422; x_wconf 87' lang='lat' dir='ltr'>pontilicis</span> <span class='ocrx_word' id='word_1_248' title='bbox 533 3338 716 3424; x_wconf 86' lang='lat' dir='ltr'>dignitatem</span> <span class='ocrx_word' id='word_1_249' title='bbox 732 3337 958 3422; x_wconf 79' lang='lat' dir='ltr'>infringendam</span> <span class='ocrx_word' id='word_1_250' title='bbox 974 3336 1128 3420; x_wconf 87' lang='lat' dir='ltr'>proposita</span> <span class='ocrx_word' id='word_1_251' title='bbox 1142 3335 1342 3420; x_wconf 85' lang='lat' dir='ltr'>pragmatica,</span> 
     </span>
     <span class='ocr_line' id='line_1_27' title="bbox 82 3450 1341 3536; baseline -0.004 -16"><span class='ocrx_word' id='word_1_252' title='bbox 82 3453 187 3520; x_wconf 85' lang='lat' dir='ltr'>edicta</span> <span class='ocrx_word' id='word_1_253' title='bbox 211 3453 432 3520; x_wconf 88' lang='lat' dir='ltr'>ecclesiasticae</span> <span class='ocrx_word' id='word_1_254' title='bbox 461 3454 602 3521; x_wconf 82' lang='lat' dir='ltr'>facultati</span> <span class='ocrx_word' id='word_1_255' title='bbox 624 3455 656 3521; x_wconf 89' lang='lat' dir='ltr'>et</span> <span class='ocrx_word' id='word_1_256' title='bbox 677 3452 814 3520; x_wconf 90' lang='lat' dir='ltr'>libertati</span> <span class='ocrx_word' id='word_1_257' title='bbox 843 3452 1029 3536; x_wconf 77' lang='lat' dir='ltr'>derogantis,</span> <span class='ocrx_word' id='word_1_258' title='bbox 1059 3451 1170 3536; x_wconf 87' lang='lat' dir='ltr'>quibos</span> <span class='ocrx_word' id='word_1_259' title='bbox 1192 3450 1226 3516; x_wconf 92' lang='lat' dir='ltr'>in</span> <span class='ocrx_word' id='word_1_260' title='bbox 1247 3469 1341 3536; x_wconf 87' lang='lat' dir='ltr'>ragno</span> 
     </span>
     <span class='ocr_line' id='line_1_28' title="bbox 82 3565 1341 3652; baseline -0.003 -18"><span class='ocrx_word' id='word_1_261' title='bbox 82 3567 294 3652; x_wconf 83' lang='lat' dir='ltr'>Neapolitano</span> <span class='ocrx_word' id='word_1_262' title='bbox 309 3569 462 3636; x_wconf 77' lang='lat' dir='ltr'>Ecclesiae</span> <span class='ocrx_word' id='word_1_263' title='bbox 471 3569 626 3636; x_wconf 88' lang='lat' dir='ltr'>Romanae</span> <span class='ocrx_word' id='word_1_264' title='bbox 641 3569 738 3648; x_wconf 80' lang='lat' dir='ltr'>londo,</span> <span class='ocrx_word' id='word_1_265' title='bbox 755 3567 870 3634; x_wconf 91' lang='lat' dir='ltr'>similia</span> <span class='ocrx_word' id='word_1_266' title='bbox 885 3568 1115 3634; x_wconf 86' lang='lat' dir='ltr'>aliaconseouta</span> <span class='ocrx_word' id='word_1_267' title='bbox 1131 3565 1215 3642; x_wconf 87' lang='lat' dir='ltr'>sunt;</span> <span class='ocrx_word' id='word_1_268' title='bbox 1232 3584 1341 3650; x_wconf 89' lang='lat' dir='ltr'>snpra-</span> 
     </span>
     <span class='ocr_line' id='line_1_29' title="bbox 82 3681 1342 3769; baseline -0.003 -19"><span class='ocrx_word' id='word_1_269' title='bbox 82 3684 164 3750; x_wconf 88' lang='lat' dir='ltr'>dicti</span> <span class='ocrx_word' id='word_1_270' title='bbox 186 3701 306 3768; x_wconf 88' lang='lat' dir='ltr'>quoque</span> <span class='ocrx_word' id='word_1_271' title='bbox 320 3683 468 3768; x_wconf 89' lang='lat' dir='ltr'>vicoregis</span> <span class='ocrx_word' id='word_1_272' title='bbox 482 3683 688 3769; x_wconf 80' lang='lat' dir='ltr'>Neapolitani,</span> <span class='ocrx_word' id='word_1_273' title='bbox 711 3683 764 3768; x_wconf 88' lang='lat' dir='ltr'>qui</span> <span class='ocrx_word' id='word_1_274' title='bbox 787 3684 826 3750; x_wconf 89' lang='lat' dir='ltr'>ad</span> <span class='ocrx_word' id='word_1_275' title='bbox 842 3702 897 3750; x_wconf 93' lang='lat' dir='ltr'>nos</span> <span class='ocrx_word' id='word_1_276' title='bbox 913 3685 948 3749; x_wconf 91' lang='lat' dir='ltr'>ut</span> <span class='ocrx_word' id='word_1_277' title='bbox 969 3683 1086 3749; x_wconf 89' lang='lat' dir='ltr'>veniret</span> <span class='ocrx_word' id='word_1_278' title='bbox 1102 3682 1216 3749; x_wconf 90' lang='lat' dir='ltr'>electus</span> <span class='ocrx_word' id='word_1_279' title='bbox 1234 3681 1342 3759; x_wconf 81' lang='lat' dir='ltr'>firerat,</span> 
     </span>
     <span class='ocr_line' id='line_1_30' title="bbox 82 3799 1342 3885; baseline -0.005 -19"><span class='ocrx_word' id='word_1_280' title='bbox 82 3800 169 3885; x_wconf 89' lang='lat' dir='ltr'>apud</span> <span class='ocrx_word' id='word_1_281' title='bbox 184 3799 477 3866; x_wconf 85' lang='lat' dir='ltr'>christianissimum</span> <span class='ocrx_word' id='word_1_282' title='bbox 492 3817 596 3884; x_wconf 90' lang='lat' dir='ltr'>regam</span> <span class='ocrx_word' id='word_1_283' title='bbox 619 3801 775 3880; x_wconf 79' lang='lat' dir='ltr'>remansit,</span> <span class='ocrx_word' id='word_1_284' title='bbox 799 3802 830 3865; x_wconf 91' lang='lat' dir='ltr'>et</span> <span class='ocrx_word' id='word_1_285' title='bbox 848 3819 918 3865; x_wconf 91' lang='lat' dir='ltr'>com</span> <span class='ocrx_word' id='word_1_286' title='bbox 934 3817 968 3865; x_wconf 91' lang='lat' dir='ltr'>eo</span> <span class='ocrx_word' id='word_1_287' title='bbox 983 3815 1129 3863; x_wconf 82' lang='lat' dir='ltr'>novamm</span> <span class='ocrx_word' id='word_1_288' title='bbox 1152 3814 1253 3861; x_wconf 90' lang='lat' dir='ltr'>rerum</span> <span class='ocrx_word' id='word_1_289' title='bbox 1268 3813 1342 3860; x_wconf 90' lang='lat' dir='ltr'>oon·</span> 
     </span>
     <span class='ocr_line' id='line_1_31' title="bbox 83 3911 1342 3998; baseline -0.004 -18"><span class='ocrx_word' id='word_1_290' title='bbox 83 3914 268 3982; x_wconf 71' lang='lat' dir='ltr'>contionum</span> <span class='ocrx_word' id='word_1_291' title='bbox 291 3914 410 3980; x_wconf 85' lang='lat' dir='ltr'>occulta</span> <span class='ocrx_word' id='word_1_292' title='bbox 431 3917 463 3980; x_wconf 89' lang='lat' dir='ltr'>et</span> <span class='ocrx_word' id='word_1_293' title='bbox 485 3932 504 3980; x_wconf 87' lang='lat' dir='ltr'>a</span> <span class='ocrx_word' id='word_1_294' title='bbox 525 3914 640 3981; x_wconf 90' lang='lat' dir='ltr'>nostris</span> <span class='ocrx_word' id='word_1_295' title='bbox 662 3914 776 3980; x_wconf 90' lang='lat' dir='ltr'>ibidem</span> <span class='ocrx_word' id='word_1_296' title='bbox 800 3914 963 3998; x_wconf 84' lang='lat' dir='ltr'>agentibus</span> <span class='ocrx_word' id='word_1_297' title='bbox 992 3911 1170 3978; x_wconf 88' lang='lat' dir='ltr'>abscondita</span> <span class='ocrx_word' id='word_1_298' title='bbox 1191 3911 1342 3990; x_wconf 69' lang='lat' dir='ltr'>mactatio,</span> 
     </span>
     <span class='ocr_line' id='line_1_32' title="bbox 82 4026 1341 4111; baseline -0.005 -15"><span class='ocrx_word' id='word_1_299' title='bbox 82 4030 184 4096; x_wconf 83' lang='lat' dir='ltr'>fixum</span> <span class='ocrx_word' id='word_1_300' title='bbox 208 4028 242 4094; x_wconf 92' lang='lat' dir='ltr'>in</span> <span class='ocrx_word' id='word_1_301' title='bbox 263 4031 294 4096; x_wconf 88' lang='lat' dir='ltr'>te</span> <span class='ocrx_word' id='word_1_302' title='bbox 316 4029 394 4096; x_wconf 92' lang='lat' dir='ltr'>illud</span> <span class='ocrx_word' id='word_1_303' title='bbox 416 4029 579 4097; x_wconf 91' lang='lat' dir='ltr'>consilium</span> <span class='ocrx_word' id='word_1_304' title='bbox 602 4032 723 4096; x_wconf 87' lang='lat' dir='ltr'>nostrae</span> <span class='ocrx_word' id='word_1_305' title='bbox 752 4029 944 4096; x_wconf 89' lang='lat' dir='ltr'>auctoritatis</span> <span class='ocrx_word' id='word_1_306' title='bbox 966 4026 1180 4111; x_wconf 85' lang='lat' dir='ltr'>deprimendas</span> <span class='ocrx_word' id='word_1_307' title='bbox 1207 4028 1238 4092; x_wconf 88' lang='lat' dir='ltr'>et</span> <span class='ocrx_word' id='word_1_308' title='bbox 1261 4026 1341 4091; x_wconf 90' lang='lat' dir='ltr'>ami·</span> 
     </span>
     <span class='ocr_line' id='line_1_33' title="bbox 81 4141 1342 4231; baseline -0.003 -21"><span class='ocrx_word' id='word_1_309' title='bbox 81 4145 180 4211; x_wconf 88' lang='lat' dir='ltr'>citiao</span> <span class='ocrx_word' id='word_1_310' title='bbox 203 4145 327 4211; x_wconf 90' lang='lat' dir='ltr'>omnino</span> <span class='ocrx_word' id='word_1_311' title='bbox 343 4145 545 4229; x_wconf 88' lang='lat' dir='ltr'>repudiandae</span> <span class='ocrx_word' id='word_1_312' title='bbox 566 4146 869 4231; x_wconf 79' lang='lat' dir='ltr'>perseverantemqne</span> <span class='ocrx_word' id='word_1_313' title='bbox 891 4145 924 4209; x_wconf 93' lang='lat' dir='ltr'>in</span> <span class='ocrx_word' id='word_1_314' title='bbox 947 4163 982 4209; x_wconf 92' lang='lat' dir='ltr'>ea</span> <span class='ocrx_word' id='word_1_315' title='bbox 996 4143 1136 4226; x_wconf 89' lang='lat' dir='ltr'>opinione</span> <span class='ocrx_word' id='word_1_316' title='bbox 1158 4141 1342 4207; x_wconf 88' lang='lat' dir='ltr'>sententiam</span> 
     </span>
     <span class='ocr_line' id='line_1_34' title="bbox 81 4255 1341 4344; baseline -0.004 -18"><span class='ocrx_word' id='word_1_317' title='bbox 81 4259 247 4326; x_wconf 86' lang='lat' dir='ltr'>indicaret</span> <span class='ocrx_word' id='word_1_318' title='bbox 277 4257 364 4339; x_wconf 85' lang='lat' dir='ltr'>Quod</span> <span class='ocrx_word' id='word_1_319' title='bbox 379 4261 570 4328; x_wconf 88' lang='lat' dir='ltr'>confirmavit</span> <span class='ocrx_word' id='word_1_320' title='bbox 585 4261 674 4327; x_wconf 90' lang='lat' dir='ltr'>nobis</span> <span class='ocrx_word' id='word_1_321' title='bbox 689 4261 783 4328; x_wconf 87' lang='lat' dir='ltr'>etiarn</span> <span class='ocrx_word' id='word_1_322' title='bbox 807 4260 907 4344; x_wconf 89' lang='lat' dir='ltr'>magis</span> <span class='ocrx_word' id='word_1_323' title='bbox 930 4259 982 4324; x_wconf 92' lang='lat' dir='ltr'>dil.</span> <span class='ocrx_word' id='word_1_324' title='bbox 998 4258 1040 4323; x_wconf 89' lang='lat' dir='ltr'>fil</span> <span class='ocrx_word' id='word_1_325' title='bbox 1056 4257 1175 4341; x_wconf 90' lang='lat' dir='ltr'>Ugonis</span> <span class='ocrx_word' id='word_1_326' title='bbox 1198 4256 1235 4322; x_wconf 92' lang='lat' dir='ltr'>de</span> <span class='ocrx_word' id='word_1_327' title='bbox 1249 4255 1341 4322; x_wconf 86' lang='lat' dir='ltr'>Mon·</span> 
     </span>
     <span class='ocr_line' id='line_1_35' title="bbox 81 4370 1341 4458; baseline -0.006 -16"><span class='ocrx_word' id='word_1_328' title='bbox 81 4375 165 4442; x_wconf 87' lang='lat' dir='ltr'>cada</span> <span class='ocrx_word' id='word_1_329' title='bbox 188 4373 228 4440; x_wconf 87' lang='lat' dir='ltr'>ad</span> <span class='ocrx_word' id='word_1_330' title='bbox 250 4393 305 4441; x_wconf 93' lang='lat' dir='ltr'>nos</span> <span class='ocrx_word' id='word_1_331' title='bbox 327 4375 495 4442; x_wconf 87' lang='lat' dir='ltr'>firmandae</span> <span class='ocrx_word' id='word_1_332' title='bbox 510 4375 664 4442; x_wconf 90' lang='lat' dir='ltr'>amicitiae</span> <span class='ocrx_word' id='word_1_333' title='bbox 687 4393 778 4442; x_wconf 88' lang='lat' dir='ltr'>causa</span> <span class='ocrx_word' id='word_1_334' title='bbox 800 4393 870 4440; x_wconf 89' lang='lat' dir='ltr'>cum</span> <span class='ocrx_word' id='word_1_335' title='bbox 893 4374 1005 4458; x_wconf 90' lang='lat' dir='ltr'>amplis</span> <span class='ocrx_word' id='word_1_336' title='bbox 1020 4370 1183 4450; x_wconf 83' lang='lat' dir='ltr'>mandatis,</span> <span class='ocrx_word' id='word_1_337' title='bbox 1206 4372 1241 4436; x_wconf 87' lang='lat' dir='ltr'>ut</span> <span class='ocrx_word' id='word_1_338' title='bbox 1262 4370 1341 4438; x_wconf 88' lang='lat' dir='ltr'>iere-</span> 
     </span>
    </p>
   </div>
   <div class='ocr_carea' id='block_1_6' title="bbox 82 4486 1344 4662">
    <p class='ocr_par' dir='ltr' id='par_1_6' title="bbox 82 4486 1344 4662">
     <span class='ocr_line' id='line_1_36' title="bbox 82 4486 1344 4578; baseline -0.007 -19"><span class='ocrx_word' id='word_1_339' title='bbox 82 4493 191 4571; x_wconf 82' lang='lat' dir='ltr'>batur,</span> <span class='ocrx_word' id='word_1_340' title='bbox 221 4489 311 4556; x_wconf 90' lang='lat' dir='ltr'>missi</span> <span class='ocrx_word' id='word_1_341' title='bbox 332 4491 366 4556; x_wconf 93' lang='lat' dir='ltr'>in</span> <span class='ocrx_word' id='word_1_342' title='bbox 395 4509 488 4578; x_wconf 87' lang='lat' dir='ltr'>regno</span> <span class='ocrx_word' id='word_1_343' title='bbox 511 4491 665 4573; x_wconf 81' lang='lat' dir='ltr'>Franciae,</span> <span class='ocrx_word' id='word_1_344' title='bbox 693 4509 786 4572; x_wconf 91' lang='lat' dir='ltr'>mora,</span> <span class='ocrx_word' id='word_1_345' title='bbox 816 4493 962 4575; x_wconf 89' lang='lat' dir='ltr'>tanquam</span> <span class='ocrx_word' id='word_1_346' title='bbox 986 4489 1125 4556; x_wconf 84' lang='lat' dir='ltr'>eventurn</span> <span class='ocrx_word' id='word_1_347' title='bbox 1150 4486 1344 4572; x_wconf 79' lang='lat' dir='ltr'>speculantis,</span> 
     </span>
     <span class='ocr_line' id='line_1_37' title="bbox 144 4597 1184 4662; baseline -0.005 -9"><span class='ocrx_word' id='word_1_348' title='bbox 144 4613 246 4662; x_wconf 60' lang='lat' dir='ltr'>mma·</span> <span class='ocrx_word' id='word_1_349' title='bbox 260 4615 368 4654; x_wconf 67' lang='lat' dir='ltr'>muno·</span> <span class='ocrx_word' id='word_1_350' title='bbox 383 4617 431 4662; x_wconf 79' lang='lat' dir='ltr'>ru.</span> <span class='ocrx_word' id='word_1_351' title='bbox 1140 4597 1184 4662; x_wconf 81' lang='lat'>24</span> 
     </span>
    </p>
   </div>
   <div class='ocr_carea' id='block_1_7' title="bbox 0 0 1570 4910">
    <p class='ocr_par' dir='ltr' id='par_1_7' title="bbox 0 0 1570 4910">
     <span class='ocr_line' id='line_1_38' title="bbox 0 0 1570 4910; baseline 0 2"><span class='ocrx_word' id='word_1_352' title='bbox 0 0 1570 4910; x_wconf 95' lang='lat' dir='ltr'> </span> 
     </span>
    </p>
   </div>
  </div>
 </body>
</html>
