3192 4930
777 263 1000 336 ...50-

258 462 352 532 saluti
374 464 406 531 et
429 460 586 530 securibti
608 463 729 531 nostrae
751 461 908 547 providere
930 463 1117 544 deberemus,
1140 483 1305 550 regemque
1328 463 1428 552 ipsum
1447 464 1496 532 fide

257 581 447 667 obstringere
469 578 549 645 nihil
571 578 610 645 ab
633 597 667 644 eo
690 580 778 645 nobis
801 599 897 664 neque
919 581 1033 647 uostris
1049 580 1156 648 domm
1177 581 1242 647 fore
1265 582 1401 648 illatum
1429 583 1499 648 Haec

257 697 346 766 nobis
368 695 576 781 cogitantibus
599 696 630 762 et
647 695 811 779 diligenter
833 713 869 762 ac
890 697 992 762 exacte
1007 697 1252 763 consultantibus
1275 718 1315 764 uo
1338 698 1409 783 quid
1431 717 1497 764 nora

256 814 414 882 conventio
437 813 581 878 aduersus
596 812 712 878 veteres
731 811 762 878 et
783 811 872 878 nobis
894 813 1092 879 charissimas
1108 813 1335 880 coniunctiones
1358 813 1498 880 videretur

257 931 377 1009 aliene,
406 949 474 996 ecce
503 929 542 994 ad
564 947 620 994 nos
648 927 769 993 litterae
798 928 979 994 venerabilis
1009 927 1114 994 fratris
1144 928 1266 995 Nicolai
1288 929 1495 1014 archiepiscopi

258 1046 396 1134 Capuani
417 1045 522 1112 uuuoii
537 1044 635 1110 nostri
650 1043 761 1109 allaim
785 1045 865 1122 sunt,
880 1044 1060 1109 nunciantes
1077 1045 1273 1111 serenitatem
1295 1065 1412 1130 quoque
1426 1049 1500 1111 tuem

257 1165 297 1231 ad
319 1163 403 1250 pacis
427 1161 529 1228 studia
549 1159 731 1226 inclinatam
753 1161 784 1224 et
806 1177 987 1243 propensam
1010 1179 1092 1236 esse,
1115 1180 1151 1226 ea
1172 1179 1229 1226 uox
1251 1161 1341 1228 nobis
1364 1163 1499 1246 tanquan
1586 1225 1587 1254 ¹

258 1281 295 1346 de
317 1279 380 1346 celo
410 1277 507 1343 missa
530 1295 634 1342 omnes
658 1274 755 1340 ammi
783 1275 881 1341 nostri
909 1274 1116 1341 dubitationes
1146 1277 1177 1341 et
1206 1277 1428 1344 sollicitudines
1449 1277 1498 1342 ab·

259 1395 372 1475 steneli,
395 1393 526 1477 fecitque
548 1391 584 1458 ut
612 1390 692 1475 quod
714 1389 883 1456 necessario
906 1391 1003 1456 iacere
1026 1391 1217 1475 cogebamur,
1247 1391 1391 1458 fidentius
1418 1393 1501 1458 etism

257 1513 434 1588 laceremus,
463 1506 770 1589 conventionibusque
798 1507 957 1591 cumipse
979 1526 1051 1592 rege
1073 1507 1259 1573 Francorum
1280 1507 1369 1574 initis
1399 1527 1501 1574 oonsu-

257 1629 390 1694 leremus
419 1621 637 1707 tranquillitati
665 1624 794 1700 nostrae,
824 1641 859 1688 ao
889 1621 917 1687 si
945 1623 1003 1688 hoc
1031 1621 1203 1688 communis
1232 1623 1316 1708 pacis
1347 1644 1402 1708 per
1425 1627 1502 1690 tuam

256 1739 483 1808 humanitatem
505 1738 537 1805 et
551 1737 734 1822 sapientium
757 1738 828 1804 felir
844 1737 1014 1822 auspicium
1036 1739 1117 1804 esset
1132 1737 1227 1804 etiam
1242 1737 1403 1806 uniuersae
1426 1740 1500 1805 chri·

259 1858 377 1924 suanae
406 1853 596 1938 reipublicae.
643 1853 683 1918 ut
711 1853 902 1937 providemus
933 1853 1056 1937 quidem
1085 1853 1148 1919 fore
1178 1853 1232 1936 qui
1260 1873 1347 1920 secus
1377 1855 1503 1940 apudte
1587 1825 1588 1838 ἵ

258 1973 398 2040 nostrum
413 1969 551 2036 smmum
567 1968 787 2052 consiliumque
809 1969 1054 2052 interpretentur,
1078 1969 1235 2052 multaque
1257 1967 1291 2034 in
1306 1969 1502 2053 suspicionem

258 2089 383 2154 trahant
404 2105 481 2171 quae
510 2084 640 2150 aliorum
662 2083 751 2167 eulpa
780 2081 919 2149 fortassis
949 2082 1137 2160 acciderunt3
1168 2083 1222 2149 sed
1244 2103 1300 2150 nos
1322 2085 1425 2151 Deum
1453 2086 1502 2150 ad·

259 2203 400 2270 uocantes
430 2201 563 2266 sincerae
594 2198 707 2265 mentis
737 2199 858 2264 nostrae
887 2200 999 2264 testem
1030 2199 1187 2264 serenitati
1216 2201 1286 2264 tuae
1309 2199 1504 2276 affirmamus,
1588 2281 1589 2292 ἵ

258 2337 314 2385 uos
337 2336 392 2383 nec
414 2315 550 2402 privatae
572 2313 667 2379 ullius
689 2313 835 2379 utilitatis
858 2331 975 2392 caussa,
998 2331 1053 2378 uec
1068 2313 1136 2380 odio
1159 2314 1353 2397 cuiusquam,
1378 2315 1434 2382 sed
1456 2335 1504 2380 ue·

259 2433 402 2501 cessitate
424 2433 456 2498 et
477 2431 516 2497 ob
539 2428 706 2495 uilitatem
722 2427 876 2512 publicam
891 2429 1034 2513 pacisque
1057 2431 1088 2494 et
1103 2429 1214 2512 quietis
1231 2428 1367 2494 studium
1383 2431 1424 2496 ad
1439 2431 1507 2496 hacc

259 2549 386 2616 consilia
408 2547 554 2614 adductos
584 2565 667 2621 esse,
697 2563 871 2628 quanquam
900 2544 968 2627 ipsa
990 2545 1193 2628 capitulorum
1216 2547 1246 2610 et
1276 2547 1507 2612 conventionum

257 2665 388 2731 formula
409 2661 498 2730 facile
519 2663 679 2745 aperteque
702 2659 891 2726 demonstrat
913 2677 971 2743 quo
993 2679 1049 2726 nos
1072 2661 1174 2726 animo
1197 2663 1228 2726 et
1251 2679 1311 2744 quo
1332 2661 1366 2726 in
1384 2681 1504 2730 omnem

258 2783 377 2865 partem
399 2777 549 2845 modestia
577 2775 655 2843 nihil
679 2775 918 2858 quaesiverimus
942 2774 1025 2840 aliud
1048 2775 1109 2840 uisi
1130 2775 1223 2842 fidem
1245 2777 1277 2842 ct
1300 2777 1509 2844 securitatem:

258 2897 296 2963 de
317 2896 421 2962 nostm
444 2911 513 2959 vero
537 2911 610 2978 erga
631 2893 663 2957 te
685 2892 838 2958 constanti
860 2893 891 2956 et
913 2891 1023 2956 eximia
1039 2891 1194 2956 uoluntate
1217 2909 1277 2956 uon
1294 2891 1394 2957 solum
1418 2894 1453 2958 in
1467 2895 1508 2958 eis

256 3011 334 3095 ipsis
356 3009 498 3094 capitulis
520 3009 600 3073 clare
622 3006 799 3091 profitemur
821 3007 874 3072 sed
897 3007 1046 3072 testamur
1069 3007 1162 3072 etium
1185 3025 1241 3072 nos
1265 3026 1404 3074 summae
1429 3009 1507 3074 ami·

257 3125 348 3192 citiae
375 3124 468 3191 fidem
496 3123 555 3190 tibi
584 3142 703 3206 semper
731 3123 930 3207 praestituros
960 3142 1014 3187 neo
1043 3120 1214 3206 apristino
1244 3141 1347 3188 amore
1375 3141 1454 3210 ergo
1482 3129 1511 3188 te

258 3259 392 3327 unquam
421 3240 616 3306 discessuros.
662 3237 790 3304 Utinam
813 3238 907 3303 etiam
937 3238 1128 3304 auctoritatis
1159 3237 1274 3321 aliquid
1304 3240 1357 3302 tuo
1386 3239 1511 3305 nomine

257 3356 338 3442 apud
359 3357 428 3422 tuos
450 3355 502 3422 hic
523 3356 719 3421 haberemus:
749 3352 868 3438 quando
891 3352 975 3418 enim
1004 3372 1158 3418 armonrm
1180 3353 1268 3418 uobis
1292 3353 1510 3421 tractationem

256 3477 287 3540 et
309 3471 448 3540 debiturn
475 3470 615 3538 nostrum
644 3472 675 3535 et
698 3469 800 3553 inopie
829 3487 890 3534 non
919 3468 1079 3552 permittit,
1109 3487 1286 3536 conaremur
1308 3487 1357 3534 res
1380 3471 1455 3536 tuas
1478 3471 1510 3534 in

257 3589 350 3654 ltalia
371 3587 594 3655 conditionibus
609 3585 807 3660 constituerer
822 3583 902 3667 quod
925 3585 1027 3650 temm
1043 3583 1291 3669 quandocumque
1314 3582 1408 3650 fuerit
1424 3585 1513 3653 nobis

255 3705 363 3771 dutum
384 3703 469 3771 omni
497 3721 569 3768 cura
591 3703 623 3768 et
651 3699 751 3766 studio
774 3717 864 3782 agere
886 3719 947 3766 non
969 3698 1160 3764 desistemus.
1212 3697 1278 3764 Tua
1301 3701 1454 3766 serenitas
1478 3710 1513 3767 ut

255 3819 471 3886 necessitatem
500 3819 638 3883 nostram
660 3817 692 3882 et
713 3815 864 3899 optimum
894 3815 1033 3880 animum
1055 3832 1218 3899 agnoscere
1240 3815 1389 3898 uobisque
1412 3817 1512 3882 etiam

256 3934 401 4001 assistere
423 3935 454 4000 et
483 3952 550 3998 esse
580 3931 755 3998 adiumento
779 3929 819 3996 ad
847 3931 1021 4016 generalem
1049 3949 1156 4013 pacem
1186 3928 1405 3997 conficiendam
1438 3933 1517 3999 velit

255 4051 342 4117 cruus
362 4050 397 4116 in
418 4069 454 4115 ea
476 4048 672 4134 potissimum
701 4045 924 4130 componendae
953 4048 1001 4112 est
1022 4047 1165 4129 potestas,
1188 4045 1277 4110 illam
1299 4046 1395 4112 etiam
1418 4049 1514 4134 atqm

255 4165 350 4232 etiam
371 4164 405 4230 in
420 4164 552 4231 Domino
567 4165 764 4238 obtestamur,
789 4162 868 4227 sicut
882 4162 976 4226 latius
999 4180 1069 4226 cum
1084 4179 1119 4226 ea
1134 4161 1247 4228 nostris
1263 4161 1364 4226 verbis
1379 4161 1517 4230 dilectus

256 4281 291 4346 fr.
306 4281 353 4348 Jo.
371 4278 493 4346 (lorsius
509 4279 702 4346 Pioreutinus
718 4279 818 4344 orator
833 4279 913 4362 aget,
936 4275 985 4342 oui
999 4275 1092 4342 fidem
1107 4275 1241 4342 habebit
1263 4277 1380 4342 Datum
1395 4279 1519 4348 Romm

256 4393 304 4463 die
325 4418 354 4465 s.
379 4394 520 4464 Januarii
541 4395 661 4462 mdxxv.
706 4395 795 4461 Anno
818 4393 957 4462 smuudo.
