<?xml version="1.0" encoding="UTF-8"?>
<!DOCTYPE html PUBLIC "-//W3C//DTD XHTML 1.0 Transitional//EN"
    "http://www.w3.org/TR/xhtml1/DTD/xhtml1-transitional.dtd">
<html xmlns="http://www.w3.org/1999/xhtml" xml:lang="en" lang="en">
 <head>
  <title>
</title>
<meta http-equiv="Content-Type" content="text/html;charset=utf-8" />
  <meta name='ocr-system' content='tesseract 3.04.00' />
  <meta name='ocr-capabilities' content='ocr_page ocr_carea ocr_par ocr_line ocrx_word'/>
</head>
<body>
  <div class='ocr_page' id='page_1' title='image "./monumentasaecul00sadogoog_0481.png"; bbox 0 0 3258 4904; ppageno 0'>
   <div class='ocr_carea' id='block_1_1' title="bbox 777 294 1022 362">
    <p class='ocr_par' dir='ltr' id='par_1_1' title="bbox 777 294 1022 362">
     <span class='ocr_line' id='line_1_1' title="bbox 777 294 1022 362; baseline 0 -18"><span class='ocrx_word' id='word_1_1' title='bbox 777 294 1022 362; x_wconf 70' lang='lat' dir='ltr'><strong>„ppp-</strong></span> 
     </span>
    </p>
   </div>
   <div class='ocr_carea' id='block_1_2' title="bbox 273 487 1530 1270">
    <p class='ocr_par' dir='ltr' id='par_1_2' title="bbox 273 487 1530 1270">
     <span class='ocr_line' id='line_1_2' title="bbox 274 487 1530 575; baseline 0.003 -19"><span class='ocrx_word' id='word_1_2' title='bbox 274 487 436 575; x_wconf 86' lang='lat' dir='ltr'><strong>oipientem</strong></span> <span class='ocrx_word' id='word_1_3' title='bbox 464 488 600 556; x_wconf 84' lang='lat' dir='ltr'><strong>Ioannes</strong></span> <span class='ocrx_word' id='word_1_4' title='bbox 632 491 790 573; x_wconf 89' lang='lat' dir='ltr'><strong>episcopus</strong></span> <span class='ocrx_word' id='word_1_5' title='bbox 820 509 924 557; x_wconf 88' lang='lat' dir='ltr'><strong>servus</strong></span> <span class='ocrx_word' id='word_1_6' title='bbox 962 509 1116 558; x_wconf 84' lang='lat' dir='ltr'><strong>servornm</strong></span> <span class='ocrx_word' id='word_1_7' title='bbox 1144 491 1203 559; x_wconf 89' lang='lat' dir='ltr'><strong>Dei</strong></span> <span class='ocrx_word' id='word_1_8' title='bbox 1234 491 1402 559; x_wconf 82' lang='lat' dir='ltr'><strong>venerabili</strong></span> <span class='ocrx_word' id='word_1_9' title='bbox 1439 492 1530 560; x_wconf 81' lang='lat' dir='ltr'><strong>fratri</strong></span> 
     </span>
     <span class='ocr_line' id='line_1_3' title="bbox 273 604 1526 692; baseline 0.002 -20"><span class='ocrx_word' id='word_1_10' title='bbox 273 607 412 691; x_wconf 85' lang='lat' dir='ltr'><strong>episcopo</strong></span> <span class='ocrx_word' id='word_1_11' title='bbox 434 605 620 672; x_wconf 83' lang='lat' dir='ltr'><strong>Ferrariensi</strong></span> <span class='ocrx_word' id='word_1_12' title='bbox 642 605 698 670; x_wconf 91' lang='lat' dir='ltr'><strong>sub</strong></span> <span class='ocrx_word' id='word_1_13' title='bbox 721 604 793 672; x_wconf 87' lang='lat' dir='ltr'><strong>data</strong></span> <span class='ocrx_word' id='word_1_14' title='bbox 815 605 960 673; x_wconf 81' lang='lat' dir='ltr'><strong>Arinioni</strong></span> <span class='ocrx_word' id='word_1_15' title='bbox 981 605 1099 673; x_wconf 86' lang='lat' dir='ltr'><strong>decimo</strong></span> <span class='ocrx_word' id='word_1_16' title='bbox 1121 606 1268 674; x_wconf 79' lang='lat' dir='ltr'><strong>kalendas</strong></span> <span class='ocrx_word' id='word_1_17' title='bbox 1290 607 1398 674; x_wconf 87' lang='lat' dir='ltr'><strong>Martii</strong></span> <span class='ocrx_word' id='word_1_18' title='bbox 1419 609 1526 692; x_wconf 91' lang='lat' dir='ltr'><strong>ponti·</strong></span> 
     </span>
     <span class='ocr_line' id='line_1_4' title="bbox 273 719 1526 808; baseline -0.001 -19"><span class='ocrx_word' id='word_1_19' title='bbox 273 723 381 789; x_wconf 88' lang='lat' dir='ltr'><strong>heatus</strong></span> <span class='ocrx_word' id='word_1_20' title='bbox 404 740 482 786; x_wconf 92' lang='lat' dir='ltr'><strong>auno</strong></span> <span class='ocrx_word' id='word_1_21' title='bbox 506 723 597 788; x_wconf 88' lang='lat' dir='ltr'><strong>serto.</strong></span> <span class='ocrx_word' id='word_1_22' title='bbox 627 721 707 786; x_wconf 91' lang='lat' dir='ltr'><strong>Item</strong></span> <span class='ocrx_word' id='word_1_23' title='bbox 730 719 826 786; x_wconf 91' lang='lat' dir='ltr'><strong>aliam</strong></span> <span class='ocrx_word' id='word_1_24' title='bbox 847 721 965 787; x_wconf 88' lang='lat' dir='ltr'><strong>bullam</strong></span> <span class='ocrx_word' id='word_1_25' title='bbox 987 721 1184 805; x_wconf 75' lang='lat' dir='ltr'><strong>incipientem</strong></span> <span class='ocrx_word' id='word_1_26' title='bbox 1205 721 1342 788; x_wconf 82' lang='lat' dir='ltr'><strong>Ioannes</strong></span> <span class='ocrx_word' id='word_1_27' title='bbox 1363 723 1526 808; x_wconf 89' lang='lat' dir='ltr'><strong>episcopus</strong></span> 
     </span>
     <span class='ocr_line' id='line_1_5' title="bbox 273 834 1525 922; baseline 0.001 -19"><span class='ocrx_word' id='word_1_28' title='bbox 273 857 379 904; x_wconf 86' lang='lat' dir='ltr'><strong>servus</strong></span> <span class='ocrx_word' id='word_1_29' title='bbox 402 855 556 904; x_wconf 84' lang='lat' dir='ltr'><strong>serrorum</strong></span> <span class='ocrx_word' id='word_1_30' title='bbox 571 835 630 902; x_wconf 92' lang='lat' dir='ltr'><strong>Dei</strong></span> <span class='ocrx_word' id='word_1_31' title='bbox 651 835 818 902; x_wconf 84' lang='lat' dir='ltr'><strong>venerabili</strong></span> <span class='ocrx_word' id='word_1_32' title='bbox 832 835 921 902; x_wconf 85' lang='lat' dir='ltr'><strong>fratri</strong></span> <span class='ocrx_word' id='word_1_33' title='bbox 935 834 1095 922; x_wconf 81' lang='lat' dir='ltr'><strong>hymerico</strong></span> <span class='ocrx_word' id='word_1_34' title='bbox 1118 836 1343 922; x_wconf 74' lang='lat' dir='ltr'><strong>archiepiscopo</strong></span> <span class='ocrx_word' id='word_1_35' title='bbox 1358 838 1525 904; x_wconf 85' lang='lat' dir='ltr'><strong>Ravenna-</strong></span> 
     </span>
     <span class='ocr_line' id='line_1_6' title="bbox 273 949 1526 1036; baseline 0.001 -18"><span class='ocrx_word' id='word_1_36' title='bbox 273 953 355 1020; x_wconf 87' lang='lat' dir='ltr'><strong>tensi</strong></span> <span class='ocrx_word' id='word_1_37' title='bbox 369 972 437 1019; x_wconf 91' lang='lat' dir='ltr'><strong>cum</strong></span> <span class='ocrx_word' id='word_1_38' title='bbox 453 952 578 1036; x_wconf 93' lang='lat' dir='ltr'><strong>plumbo</strong></span> <span class='ocrx_word' id='word_1_39' title='bbox 594 968 657 1030; x_wconf 82' lang='lat' dir='ltr'><strong>suo,</strong></span> <span class='ocrx_word' id='word_1_40' title='bbox 680 949 784 1016; x_wconf 88' lang='lat' dir='ltr'><strong>datam</strong></span> <span class='ocrx_word' id='word_1_41' title='bbox 799 949 944 1018; x_wconf 81' lang='lat' dir='ltr'><strong>Arinioni</strong></span> <span class='ocrx_word' id='word_1_42' title='bbox 966 950 1096 1036; x_wconf 87' lang='lat' dir='ltr'><strong>septimo</strong></span> <span class='ocrx_word' id='word_1_43' title='bbox 1110 951 1180 1018; x_wconf 87' lang='lat' dir='ltr'><strong>idus</strong></span> <span class='ocrx_word' id='word_1_44' title='bbox 1195 953 1313 1036; x_wconf 83' lang='lat' dir='ltr'><strong>Aprilis</strong></span> <span class='ocrx_word' id='word_1_45' title='bbox 1328 953 1526 1036; x_wconf 78' lang='lat' dir='ltr'><strong>pontificatis</strong></span> 
     </span>
     <span class='ocr_line' id='line_1_7' title="bbox 273 1065 1524 1152; baseline -0.002 -17"><span class='ocrx_word' id='word_1_46' title='bbox 273 1087 352 1135; x_wconf 84' lang='lat' dir='ltr'><strong>anno</strong></span> <span class='ocrx_word' id='word_1_47' title='bbox 375 1067 513 1152; x_wconf 87' lang='lat' dir='ltr'><strong>septimo.</strong></span> <span class='ocrx_word' id='word_1_48' title='bbox 551 1066 631 1132; x_wconf 92' lang='lat' dir='ltr'><strong>Item</strong></span> <span class='ocrx_word' id='word_1_49' title='bbox 654 1065 748 1131; x_wconf 90' lang='lat' dir='ltr'><strong>aliam</strong></span> <span class='ocrx_word' id='word_1_50' title='bbox 770 1065 966 1149; x_wconf 77' lang='lat' dir='ltr'><strong>incipientem</strong></span> <span class='ocrx_word' id='word_1_51' title='bbox 988 1066 1123 1133; x_wconf 82' lang='lat' dir='ltr'><strong>Ioannes</strong></span> <span class='ocrx_word' id='word_1_52' title='bbox 1145 1067 1304 1152; x_wconf 90' lang='lat' dir='ltr'><strong>episcopus</strong></span> <span class='ocrx_word' id='word_1_53' title='bbox 1328 1087 1433 1134; x_wconf 83' lang='lat' dir='ltr'><strong>servus</strong></span> <span class='ocrx_word' id='word_1_54' title='bbox 1458 1087 1524 1133; x_wconf 87' lang='lat' dir='ltr'><strong>ser-</strong></span> 
     </span>
     <span class='ocr_line' id='line_1_8' title="bbox 274 1180 1525 1270; baseline -0.001 -21"><span class='ocrx_word' id='word_1_55' title='bbox 274 1203 380 1249; x_wconf 86' lang='lat' dir='ltr'><strong>vorum</strong></span> <span class='ocrx_word' id='word_1_56' title='bbox 402 1183 461 1250; x_wconf 89' lang='lat' dir='ltr'><strong>Dei</strong></span> <span class='ocrx_word' id='word_1_57' title='bbox 483 1181 649 1247; x_wconf 82' lang='lat' dir='ltr'><strong>venerabili</strong></span> <span class='ocrx_word' id='word_1_58' title='bbox 670 1180 760 1246; x_wconf 75' lang='lat' dir='ltr'><strong>frstn</strong></span> <span class='ocrx_word' id='word_1_59' title='bbox 781 1181 1004 1270; x_wconf 86' lang='lat' dir='ltr'><strong>archiepiscopo</strong></span> <span class='ocrx_word' id='word_1_60' title='bbox 1027 1182 1254 1248; x_wconf 85' lang='lat' dir='ltr'><strong>Ravennatensi</strong></span> <span class='ocrx_word' id='word_1_61' title='bbox 1277 1184 1334 1249; x_wconf 90' lang='lat' dir='ltr'><strong>sub</strong></span> <span class='ocrx_word' id='word_1_62' title='bbox 1356 1183 1429 1250; x_wconf 82' lang='lat' dir='ltr'><strong>data</strong></span> <span class='ocrx_word' id='word_1_63' title='bbox 1445 1183 1525 1249; x_wconf 82' lang='lat' dir='ltr'><strong>hui·</strong></span> 
     </span>
    </p>
   </div>
   <div class='ocr_carea' id='block_1_3' title="bbox 272 1293 1528 2655">
    <p class='ocr_par' dir='ltr' id='par_1_3' title="bbox 272 1293 1528 2655">
     <span class='ocr_line' id='line_1_9' title="bbox 274 1293 1525 1381; baseline 0 -17"><span class='ocrx_word' id='word_1_64' title='bbox 274 1298 359 1365; x_wconf 91' lang='lat' dir='ltr'><strong>uioni</strong></span> <span class='ocrx_word' id='word_1_65' title='bbox 387 1297 533 1363; x_wconf 85' lang='lat' dir='ltr'><strong>kalendas</strong></span> <span class='ocrx_word' id='word_1_66' title='bbox 563 1293 750 1380; x_wconf 77' lang='lat' dir='ltr'><strong>Septembris</strong></span> <span class='ocrx_word' id='word_1_67' title='bbox 780 1315 860 1364; x_wconf 89' lang='lat' dir='ltr'><strong>anno</strong></span> <span class='ocrx_word' id='word_1_68' title='bbox 882 1297 1021 1381; x_wconf 88' lang='lat' dir='ltr'><strong>septimo.</strong></span> <span class='ocrx_word' id='word_1_69' title='bbox 1066 1299 1146 1365; x_wconf 83' lang='lat' dir='ltr'><strong>Item</strong></span> <span class='ocrx_word' id='word_1_70' title='bbox 1175 1299 1270 1365; x_wconf 87' lang='lat' dir='ltr'><strong>aliam</strong></span> <span class='ocrx_word' id='word_1_71' title='bbox 1299 1299 1416 1364; x_wconf 88' lang='lat' dir='ltr'><strong>bullam</strong></span> <span class='ocrx_word' id='word_1_72' title='bbox 1445 1299 1525 1364; x_wconf 92' lang='lat' dir='ltr'><strong>inci-</strong></span> 
     </span>
     <span class='ocr_line' id='line_1_10' title="bbox 273 1411 1526 1498; baseline -0.001 -19"><span class='ocrx_word' id='word_1_73' title='bbox 273 1414 407 1498; x_wconf 90' lang='lat' dir='ltr'><strong>pientem</strong></span> <span class='ocrx_word' id='word_1_74' title='bbox 429 1412 564 1478; x_wconf 81' lang='lat' dir='ltr'><strong>Ioannes</strong></span> <span class='ocrx_word' id='word_1_75' title='bbox 586 1411 864 1496; x_wconf 85' lang='lat' dir='ltr'><strong>episcopusservus</strong></span> <span class='ocrx_word' id='word_1_76' title='bbox 888 1431 1043 1480; x_wconf 80' lang='lat' dir='ltr'><strong>servorum</strong></span> <span class='ocrx_word' id='word_1_77' title='bbox 1057 1413 1115 1480; x_wconf 89' lang='lat' dir='ltr'><strong>Dei</strong></span> <span class='ocrx_word' id='word_1_78' title='bbox 1137 1414 1363 1481; x_wconf 85' lang='lat' dir='ltr'><strong>venerabilibus</strong></span> <span class='ocrx_word' id='word_1_79' title='bbox 1377 1413 1526 1480; x_wconf 86' lang='lat' dir='ltr'><strong>hatribus</strong></span> 
     </span>
     <span class='ocr_line' id='line_1_11' title="bbox 273 1527 1525 1612; baseline 0.002 -18"><span class='ocrx_word' id='word_1_80' title='bbox 273 1527 496 1612; x_wconf 88' lang='lat' dir='ltr'><strong>archiepiscopo</strong></span> <span class='ocrx_word' id='word_1_81' title='bbox 519 1527 753 1608; x_wconf 76' lang='lat' dir='ltr'><strong>Rarematonsi,</strong></span> <span class='ocrx_word' id='word_1_82' title='bbox 781 1529 813 1593; x_wconf 93' lang='lat' dir='ltr'><strong>et</strong></span> <span class='ocrx_word' id='word_1_83' title='bbox 835 1528 982 1595; x_wconf 88' lang='lat' dir='ltr'><strong>imolensi</strong></span> <span class='ocrx_word' id='word_1_84' title='bbox 1003 1529 1058 1595; x_wconf 89' lang='lat' dir='ltr'><strong>stc.</strong></span> <span class='ocrx_word' id='word_1_85' title='bbox 1104 1529 1185 1596; x_wconf 87' lang='lat' dir='ltr'><strong>Item</strong></span> <span class='ocrx_word' id='word_1_86' title='bbox 1214 1529 1309 1595; x_wconf 88' lang='lat' dir='ltr'><strong>aliern</strong></span> <span class='ocrx_word' id='word_1_87' title='bbox 1332 1530 1450 1596; x_wconf 88' lang='lat' dir='ltr'><strong>bullam</strong></span> <span class='ocrx_word' id='word_1_88' title='bbox 1472 1529 1525 1596; x_wconf 89' lang='lat' dir='ltr'><strong>in·</strong></span> 
     </span>
     <span class='ocr_line' id='line_1_12' title="bbox 273 1641 1527 1730; baseline -0.001 -19"><span class='ocrx_word' id='word_1_89' title='bbox 273 1644 436 1730; x_wconf 88' lang='lat' dir='ltr'><strong>cipientem</strong></span> <span class='ocrx_word' id='word_1_90' title='bbox 458 1643 492 1708; x_wconf 91' lang='lat' dir='ltr'><strong>iu</strong></span> <span class='ocrx_word' id='word_1_91' title='bbox 507 1641 623 1708; x_wconf 77' lang='lat' dir='ltr'><strong>Christi</strong></span> <span class='ocrx_word' id='word_1_92' title='bbox 644 1642 767 1709; x_wconf 92' lang='lat' dir='ltr'><strong>nomine</strong></span> <span class='ocrx_word' id='word_1_93' title='bbox 788 1661 886 1724; x_wconf 83' lang='lat' dir='ltr'><strong>amen,</strong></span> <span class='ocrx_word' id='word_1_94' title='bbox 909 1662 988 1712; x_wconf 91' lang='lat' dir='ltr'><strong>anno</strong></span> <span class='ocrx_word' id='word_1_95' title='bbox 1011 1644 1146 1710; x_wconf 85' lang='lat' dir='ltr'><strong>eiusdem</strong></span> <span class='ocrx_word' id='word_1_96' title='bbox 1162 1645 1335 1712; x_wconf 82' lang='lat' dir='ltr'><strong>natiuitatis</strong></span> <span class='ocrx_word' id='word_1_97' title='bbox 1356 1645 1527 1712; x_wconf 88' lang='lat' dir='ltr'><strong>millesimo</strong></span> 
     </span>
     <span class='ocr_line' id='line_1_13' title="bbox 273 1757 1527 1843; baseline -0.001 -17"><span class='ocrx_word' id='word_1_98' title='bbox 273 1759 479 1826; x_wconf 87' lang='lat' dir='ltr'><strong>tricentesimo</strong></span> <span class='ocrx_word' id='word_1_99' title='bbox 501 1757 659 1843; x_wconf 82' lang='lat' dir='ltr'><strong>vigesimo.</strong></span> <span class='ocrx_word' id='word_1_100' title='bbox 704 1758 743 1824; x_wconf 90' lang='lat' dir='ltr'><strong>ln</strong></span> <span class='ocrx_word' id='word_1_101' title='bbox 764 1758 825 1825; x_wconf 88' lang='lat' dir='ltr'><strong>fine</strong></span> <span class='ocrx_word' id='word_1_102' title='bbox 847 1761 950 1825; x_wconf 88' lang='lat' dir='ltr'><strong>autem</strong></span> <span class='ocrx_word' id='word_1_103' title='bbox 972 1758 1129 1842; x_wconf 87' lang='lat' dir='ltr'><strong>publicum</strong></span> <span class='ocrx_word' id='word_1_104' title='bbox 1150 1759 1397 1828; x_wconf 87' lang='lat' dir='ltr'><strong>instrumentum.</strong></span> <span class='ocrx_word' id='word_1_105' title='bbox 1443 1761 1527 1826; x_wconf 88' lang='lat' dir='ltr'><strong>Item</strong></span> 
     </span>
     <span class='ocr_line' id='line_1_14' title="bbox 274 1873 1527 1960; baseline -0.001 -18"><span class='ocrx_word' id='word_1_106' title='bbox 274 1876 368 1942; x_wconf 89' lang='lat' dir='ltr'><strong>aliam</strong></span> <span class='ocrx_word' id='word_1_107' title='bbox 390 1875 508 1941; x_wconf 88' lang='lat' dir='ltr'><strong>bullam</strong></span> <span class='ocrx_word' id='word_1_108' title='bbox 530 1873 735 1958; x_wconf 89' lang='lat' dir='ltr'><strong>incipientem.</strong></span> <span class='ocrx_word' id='word_1_109' title='bbox 765 1875 804 1941; x_wconf 93' lang='lat' dir='ltr'><strong>In</strong></span> <span class='ocrx_word' id='word_1_110' title='bbox 819 1873 935 1941; x_wconf 80' lang='lat' dir='ltr'><strong>Christi</strong></span> <span class='ocrx_word' id='word_1_111' title='bbox 957 1875 1079 1942; x_wconf 92' lang='lat' dir='ltr'><strong>nomine</strong></span> <span class='ocrx_word' id='word_1_112' title='bbox 1101 1876 1150 1942; x_wconf 90' lang='lat' dir='ltr'><strong>die</strong></span> <span class='ocrx_word' id='word_1_113' title='bbox 1164 1875 1254 1944; x_wconf 88' lang='lat' dir='ltr'><strong>lunae</strong></span> <span class='ocrx_word' id='word_1_114' title='bbox 1269 1876 1330 1944; x_wconf 89' lang='lat' dir='ltr'><strong>fine</strong></span> <span class='ocrx_word' id='word_1_115' title='bbox 1344 1894 1413 1943; x_wconf 82' lang='lat' dir='ltr'><strong>vero</strong></span> <span class='ocrx_word' id='word_1_116' title='bbox 1436 1877 1527 1960; x_wconf 90' lang='lat' dir='ltr'><strong>posui</strong></span> 
     </span>
     <span class='ocr_line' id='line_1_15' title="bbox 273 1990 1526 2074; baseline -0.001 -15"><span class='ocrx_word' id='word_1_117' title='bbox 273 1993 458 2059; x_wconf 88' lang='lat' dir='ltr'><strong>consuetum.</strong></span> <span class='ocrx_word' id='word_1_118' title='bbox 485 1991 565 2056; x_wconf 87' lang='lat' dir='ltr'><strong>Item</strong></span> <span class='ocrx_word' id='word_1_119' title='bbox 579 1990 672 2057; x_wconf 90' lang='lat' dir='ltr'><strong>aliem</strong></span> <span class='ocrx_word' id='word_1_120' title='bbox 688 1991 806 2057; x_wconf 90' lang='lat' dir='ltr'><strong>bullam</strong></span> <span class='ocrx_word' id='word_1_121' title='bbox 819 1990 1017 2074; x_wconf 89' lang='lat' dir='ltr'><strong>incipientem</strong></span> <span class='ocrx_word' id='word_1_122' title='bbox 1031 1991 1185 2059; x_wconf 72' lang='lat' dir='ltr'><strong>hrnmdm</strong></span> <span class='ocrx_word' id='word_1_123' title='bbox 1200 1992 1395 2059; x_wconf 83' lang='lat' dir='ltr'><strong>miseratione</strong></span> <span class='ocrx_word' id='word_1_124' title='bbox 1408 1991 1526 2058; x_wconf 78' lang='lat' dir='ltr'><strong>diviua</strong></span> 
     </span>
     <span class='ocr_line' id='line_1_16' title="bbox 273 2105 1528 2192; baseline -0.002 -17"><span class='ocrx_word' id='word_1_125' title='bbox 273 2109 311 2174; x_wconf 92' lang='lat' dir='ltr'><strong>lu</strong></span> <span class='ocrx_word' id='word_1_126' title='bbox 332 2108 393 2175; x_wconf 87' lang='lat' dir='ltr'><strong>fine</strong></span> <span class='ocrx_word' id='word_1_127' title='bbox 414 2125 484 2174; x_wconf 85' lang='lat' dir='ltr'><strong>vero</strong></span> <span class='ocrx_word' id='word_1_128' title='bbox 507 2124 586 2173; x_wconf 87' lang='lat' dir='ltr'><strong>nnnc</strong></span> <span class='ocrx_word' id='word_1_129' title='bbox 608 2107 723 2190; x_wconf 85' lang='lat' dir='ltr'><strong>quarto.</strong></span> <span class='ocrx_word' id='word_1_130' title='bbox 768 2107 849 2174; x_wconf 85' lang='lat' dir='ltr'><strong>Item</strong></span> <span class='ocrx_word' id='word_1_131' title='bbox 871 2106 965 2172; x_wconf 81' lang='lat' dir='ltr'><strong>auam</strong></span> <span class='ocrx_word' id='word_1_132' title='bbox 987 2107 1105 2174; x_wconf 87' lang='lat' dir='ltr'><strong>bullam</strong></span> <span class='ocrx_word' id='word_1_133' title='bbox 1134 2106 1331 2192; x_wconf 87' lang='lat' dir='ltr'><strong>incipientem</strong></span> <span class='ocrx_word' id='word_1_134' title='bbox 1352 2108 1386 2174; x_wconf 90' lang='lat' dir='ltr'><strong>in</strong></span> <span class='ocrx_word' id='word_1_135' title='bbox 1407 2105 1528 2173; x_wconf 81' lang='lat' dir='ltr'><strong>Christi</strong></span> 
     </span>
     <span class='ocr_line' id='line_1_17' title="bbox 272 2221 1526 2307; baseline 0 -17"><span class='ocrx_word' id='word_1_136' title='bbox 272 2223 395 2290; x_wconf 90' lang='lat' dir='ltr'><strong>nomine</strong></span> <span class='ocrx_word' id='word_1_137' title='bbox 417 2241 515 2289; x_wconf 90' lang='lat' dir='ltr'><strong>amen.</strong></span> <span class='ocrx_word' id='word_1_138' title='bbox 560 2223 597 2287; x_wconf 91' lang='lat' dir='ltr'><strong>In</strong></span> <span class='ocrx_word' id='word_1_139' title='bbox 619 2221 679 2288; x_wconf 91' lang='lat' dir='ltr'><strong>fine</strong></span> <span class='ocrx_word' id='word_1_140' title='bbox 701 2241 771 2288; x_wconf 89' lang='lat' dir='ltr'><strong>vero</strong></span> <span class='ocrx_word' id='word_1_141' title='bbox 793 2223 890 2288; x_wconf 84' lang='lat' dir='ltr'><strong>facere</strong></span> <span class='ocrx_word' id='word_1_142' title='bbox 918 2221 1076 2307; x_wconf 90' lang='lat' dir='ltr'><strong>publicum</strong></span> <span class='ocrx_word' id='word_1_143' title='bbox 1097 2222 1351 2300; x_wconf 75' lang='lat' dir='ltr'><strong>instrumentumr</strong></span> <span class='ocrx_word' id='word_1_144' title='bbox 1373 2223 1451 2290; x_wconf 87' lang='lat' dir='ltr'><strong>item</strong></span> <span class='ocrx_word' id='word_1_145' title='bbox 1472 2223 1526 2290; x_wconf 91' lang='lat' dir='ltr'><strong>in-</strong></span> 
     </span>
     <span class='ocr_line' id='line_1_18' title="bbox 274 2337 1527 2423; baseline -0.001 -18"><span class='ocrx_word' id='word_1_146' title='bbox 274 2340 477 2405; x_wconf 86' lang='lat' dir='ltr'><strong>strumentum</strong></span> <span class='ocrx_word' id='word_1_147' title='bbox 499 2337 656 2423; x_wconf 87' lang='lat' dir='ltr'><strong>publioum</strong></span> <span class='ocrx_word' id='word_1_148' title='bbox 676 2337 839 2422; x_wconf 89' lang='lat' dir='ltr'><strong>incipiente</strong></span> <span class='ocrx_word' id='word_1_149' title='bbox 862 2338 1022 2405; x_wconf 77' lang='lat' dir='ltr'><strong>Univereis</strong></span> <span class='ocrx_word' id='word_1_150' title='bbox 1042 2340 1198 2423; x_wconf 88' lang='lat' dir='ltr'><strong>presentes</strong></span> <span class='ocrx_word' id='word_1_151' title='bbox 1212 2337 1319 2405; x_wconf 83' lang='lat' dir='ltr'><strong>bteras</strong></span> <span class='ocrx_word' id='word_1_152' title='bbox 1335 2339 1527 2422; x_wconf 84' lang='lat' dir='ltr'><strong>subscriptas</strong></span> 
     </span>
     <span class='ocr_line' id='line_1_19' title="bbox 274 2451 1525 2522; baseline 0 -2"><span class='ocrx_word' id='word_1_153' title='bbox 274 2473 367 2520; x_wconf 89' lang='lat' dir='ltr'><strong>manu</strong></span> <span class='ocrx_word' id='word_1_154' title='bbox 388 2452 545 2521; x_wconf 88' lang='lat' dir='ltr'><strong>cniusdam</strong></span> <span class='ocrx_word' id='word_1_155' title='bbox 569 2473 617 2520; x_wconf 92' lang='lat' dir='ltr'><strong>ser</strong></span> <span class='ocrx_word' id='word_1_156' title='bbox 631 2453 759 2520; x_wconf 81' lang='lat' dir='ltr'><strong>Antonii</strong></span> <span class='ocrx_word' id='word_1_157' title='bbox 780 2452 817 2520; x_wconf 87' lang='lat' dir='ltr'><strong>dc</strong></span> <span class='ocrx_word' id='word_1_158' title='bbox 840 2451 968 2520; x_wconf 60' lang='lat' dir='ltr'><strong>&amp;deun</strong></span> <span class='ocrx_word' id='word_1_159' title='bbox 998 2453 1079 2520; x_wconf 89' lang='lat' dir='ltr'><strong>Item</strong></span> <span class='ocrx_word' id='word_1_160' title='bbox 1101 2473 1195 2521; x_wconf 79' lang='lat' dir='ltr'><strong>unam</strong></span> <span class='ocrx_word' id='word_1_161' title='bbox 1216 2454 1312 2522; x_wconf 90' lang='lat' dir='ltr'><strong>aliam</strong></span> <span class='ocrx_word' id='word_1_162' title='bbox 1334 2455 1454 2521; x_wconf 89' lang='lat' dir='ltr'><strong>bullam</strong></span> <span class='ocrx_word' id='word_1_163' title='bbox 1472 2455 1525 2520; x_wconf 91' lang='lat' dir='ltr'><strong>in-</strong></span> 
     </span>
     <span class='ocr_line' id='line_1_20' title="bbox 273 2569 1528 2655; baseline 0 -19"><span class='ocrx_word' id='word_1_164' title='bbox 273 2571 436 2655; x_wconf 88' lang='lat' dir='ltr'><strong>cipiantem</strong></span> <span class='ocrx_word' id='word_1_165' title='bbox 451 2569 610 2637; x_wconf 86' lang='lat' dir='ltr'><strong>Universis</strong></span> <span class='ocrx_word' id='word_1_166' title='bbox 632 2571 787 2654; x_wconf 85' lang='lat' dir='ltr'><strong>presentes</strong></span> <span class='ocrx_word' id='word_1_167' title='bbox 805 2570 929 2636; x_wconf 90' lang='lat' dir='ltr'><strong>lecturis</strong></span> <span class='ocrx_word' id='word_1_168' title='bbox 944 2569 1101 2637; x_wconf 85' lang='lat' dir='ltr'><strong>finientem</strong></span> <span class='ocrx_word' id='word_1_169' title='bbox 1117 2571 1149 2638; x_wconf 90' lang='lat' dir='ltr'><strong>et</strong></span> <span class='ocrx_word' id='word_1_170' title='bbox 1170 2570 1348 2654; x_wconf 87' lang='lat' dir='ltr'><strong>pontificatu</strong></span> <span class='ocrx_word' id='word_1_171' title='bbox 1369 2571 1528 2655; x_wconf 70' lang='lat' dir='ltr'><strong>predictis</strong></span> 
     </span>
    </p>
   </div>
   <div class='ocr_carea' id='block_1_4' title="bbox 136 2685 1528 2780">
    <p class='ocr_par' dir='ltr' id='par_1_4' title="bbox 136 2685 1528 2780">
     <span class='ocr_line' id='line_1_21' title="bbox 136 2685 1528 2780; baseline 0.001 -29"><span class='ocrx_word' id='word_1_172' title='bbox 136 2777 137 2780; x_wconf 8' lang='grc' dir='ltr'><strong>Ἴ</strong></span> <span class='ocrx_word' id='word_1_173' title='bbox 274 2685 384 2770; x_wconf 89' lang='lat' dir='ltr'><strong>quibus</strong></span> <span class='ocrx_word' id='word_1_174' title='bbox 406 2685 547 2751; x_wconf 86' lang='lat' dir='ltr'><strong>omnibns</strong></span> <span class='ocrx_word' id='word_1_175' title='bbox 570 2687 674 2752; x_wconf 91' lang='lat' dir='ltr'><strong>utente</strong></span> <span class='ocrx_word' id='word_1_176' title='bbox 696 2685 729 2750; x_wconf 94' lang='lat' dir='ltr'><strong>in</strong></span> <span class='ocrx_word' id='word_1_177' title='bbox 751 2686 837 2770; x_wconf 89' lang='lat' dir='ltr'><strong>parto</strong></span> <span class='ocrx_word' id='word_1_178' title='bbox 859 2687 891 2752; x_wconf 90' lang='lat' dir='ltr'><strong>et</strong></span> <span class='ocrx_word' id='word_1_179' title='bbox 912 2687 1050 2770; x_wconf 92' lang='lat' dir='ltr'><strong>partibus</strong></span> <span class='ocrx_word' id='word_1_180' title='bbox 1080 2685 1210 2752; x_wconf 84' lang='lat' dir='ltr'><strong>faciente</strong></span> <span class='ocrx_word' id='word_1_181' title='bbox 1231 2688 1263 2754; x_wconf 89' lang='lat' dir='ltr'><strong>et</strong></span> <span class='ocrx_word' id='word_1_182' title='bbox 1284 2685 1469 2754; x_wconf 82' lang='lat' dir='ltr'><strong>facientibus</strong></span> <span class='ocrx_word' id='word_1_183' title='bbox 1492 2687 1528 2752; x_wconf 91' lang='lat' dir='ltr'><strong>in</strong></span> 
     </span>
    </p>
   </div>
   <div class='ocr_carea' id='block_1_5' title="bbox 272 2799 1532 4509">
    <p class='ocr_par' dir='ltr' id='par_1_5' title="bbox 272 2799 1532 4509">
     <span class='ocr_line' id='line_1_22' title="bbox 274 2799 1527 2886; baseline 0.002 -21"><span class='ocrx_word' id='word_1_184' title='bbox 274 2803 407 2868; x_wconf 82' lang='lat' dir='ltr'><strong>favorem</strong></span> <span class='ocrx_word' id='word_1_185' title='bbox 429 2800 542 2868; x_wconf 81' lang='lat' dir='ltr'><strong>iunium</strong></span> <span class='ocrx_word' id='word_1_186' title='bbox 566 2819 589 2866; x_wconf 94' lang='lat' dir='ltr'><strong>s.</strong></span> <span class='ocrx_word' id='word_1_187' title='bbox 605 2800 722 2867; x_wconf 88' lang='lat' dir='ltr'><strong>domini</strong></span> <span class='ocrx_word' id='word_1_188' title='bbox 743 2799 842 2867; x_wconf 88' lang='lat' dir='ltr'><strong>nostri</strong></span> <span class='ocrx_word' id='word_1_189' title='bbox 863 2800 897 2866; x_wconf 90' lang='lat' dir='ltr'><strong>in</strong></span> <span class='ocrx_word' id='word_1_190' title='bbox 919 2801 989 2867; x_wconf 90' lang='lat' dir='ltr'><strong>aliis</strong></span> <span class='ocrx_word' id='word_1_191' title='bbox 1005 2820 1073 2868; x_wconf 82' lang='lat' dir='ltr'><strong>vero</strong></span> <span class='ocrx_word' id='word_1_192' title='bbox 1096 2800 1343 2886; x_wconf 85' lang='lat' dir='ltr'><strong>preiudicialibus</strong></span> <span class='ocrx_word' id='word_1_193' title='bbox 1364 2819 1427 2868; x_wconf 90' lang='lat' dir='ltr'><strong>non</strong></span> <span class='ocrx_word' id='word_1_194' title='bbox 1449 2821 1527 2870; x_wconf 88' lang='lat' dir='ltr'><strong>eon-</strong></span> 
     </span>
     <span class='ocr_line' id='line_1_23' title="bbox 274 2915 1530 3002; baseline 0 -18"><span class='ocrx_word' id='word_1_195' title='bbox 274 2916 424 2984; x_wconf 86' lang='lat' dir='ltr'><strong>sentiente</strong></span> <span class='ocrx_word' id='word_1_196' title='bbox 447 2916 500 2982; x_wconf 85' lang='lat' dir='ltr'><strong>sed</strong></span> <span class='ocrx_word' id='word_1_197' title='bbox 515 2935 653 3001; x_wconf 82' lang='lat' dir='ltr'><strong>expresso</strong></span> <span class='ocrx_word' id='word_1_198' title='bbox 676 2915 908 2997; x_wconf 76' lang='lat' dir='ltr'><strong>contradicente</strong></span> <span class='ocrx_word' id='word_1_199' title='bbox 932 2935 1016 3002; x_wconf 86' lang='lat' dir='ltr'><strong>quas,</strong></span> <span class='ocrx_word' id='word_1_200' title='bbox 1038 2920 1070 2983; x_wconf 92' lang='lat' dir='ltr'><strong>et</strong></span> <span class='ocrx_word' id='word_1_201' title='bbox 1091 2936 1196 2983; x_wconf 89' lang='lat' dir='ltr'><strong>carum</strong></span> <span class='ocrx_word' id='word_1_202' title='bbox 1212 2917 1382 3001; x_wconf 84' lang='lat' dir='ltr'><strong>quamlibet</strong></span> <span class='ocrx_word' id='word_1_203' title='bbox 1403 2919 1530 3002; x_wconf 85' lang='lat' dir='ltr'><strong>petente</strong></span> 
     </span>
     <span class='ocr_line' id='line_1_24' title="bbox 276 3031 1532 3117; baseline 0.002 -20"><span class='ocrx_word' id='word_1_204' title='bbox 276 3031 491 3117; x_wconf 84' lang='lat' dir='ltr'><strong>recognoscis</strong></span> <span class='ocrx_word' id='word_1_205' title='bbox 514 3031 605 3098; x_wconf 71' lang='lat' dir='ltr'><strong>dicte</strong></span> <span class='ocrx_word' id='word_1_206' title='bbox 627 3031 759 3099; x_wconf 91' lang='lat' dir='ltr'><strong>testibus</strong></span> <span class='ocrx_word' id='word_1_207' title='bbox 782 3051 821 3098; x_wconf 92' lang='lat' dir='ltr'><strong>an</strong></span> <span class='ocrx_word' id='word_1_208' title='bbox 844 3032 908 3098; x_wconf 90' lang='lat' dir='ltr'><strong>sint</strong></span> <span class='ocrx_word' id='word_1_209' title='bbox 930 3033 1096 3116; x_wconf 86' lang='lat' dir='ltr'><strong>scripturae</strong></span> <span class='ocrx_word' id='word_1_210' title='bbox 1118 3033 1246 3098; x_wconf 84' lang='lat' dir='ltr'><strong>archivii</strong></span> <span class='ocrx_word' id='word_1_211' title='bbox 1267 3032 1383 3117; x_wconf 89' lang='lat' dir='ltr'><strong>publici</strong></span> <span class='ocrx_word' id='word_1_212' title='bbox 1405 3035 1532 3100; x_wconf 78' lang='lat' dir='ltr'><strong>sanotae</strong></span> 
     </span>
     <span class='ocr_line' id='line_1_25' title="bbox 273 3147 1531 3233; baseline 0 -19"><span class='ocrx_word' id='word_1_213' title='bbox 273 3147 460 3214; x_wconf 89' lang='lat' dir='ltr'><strong>Ravennatis</strong></span> <span class='ocrx_word' id='word_1_214' title='bbox 484 3147 626 3213; x_wconf 87' lang='lat' dir='ltr'><strong>ecclcsiae</strong></span> <span class='ocrx_word' id='word_1_215' title='bbox 649 3165 703 3214; x_wconf 90' lang='lat' dir='ltr'><strong>nec</strong></span> <span class='ocrx_word' id='word_1_216' title='bbox 718 3166 765 3228; x_wconf 78' lang='lat' dir='ltr'><strong>ne,</strong></span> <span class='ocrx_word' id='word_1_217' title='bbox 787 3149 819 3214; x_wconf 89' lang='lat' dir='ltr'><strong>et</strong></span> <span class='ocrx_word' id='word_1_218' title='bbox 841 3168 881 3214; x_wconf 86' lang='lat' dir='ltr'><strong>on</strong></span> <span class='ocrx_word' id='word_1_219' title='bbox 903 3147 1028 3214; x_wconf 83' lang='lat' dir='ltr'><strong>adillas</strong></span> <span class='ocrx_word' id='word_1_220' title='bbox 1049 3149 1198 3214; x_wconf 83' lang='lat' dir='ltr'><strong>eteorum</strong></span> <span class='ocrx_word' id='word_1_221' title='bbox 1222 3148 1391 3233; x_wconf 86' lang='lat' dir='ltr'><strong>quamlibet</strong></span> <span class='ocrx_word' id='word_1_222' title='bbox 1407 3167 1531 3232; x_wconf 88' lang='lat' dir='ltr'><strong>semper</strong></span> 
     </span>
     <span class='ocr_line' id='line_1_26' title="bbox 272 3263 1529 3348; baseline -0.001 -18"><span class='ocrx_word' id='word_1_223' title='bbox 272 3263 364 3330; x_wconf 75' lang='lat' dir='ltr'><strong>fuant</strong></span> <span class='ocrx_word' id='word_1_224' title='bbox 378 3263 438 3330; x_wconf 90' lang='lat' dir='ltr'><strong>etsi</strong></span> <span class='ocrx_word' id='word_1_225' title='bbox 451 3263 575 3330; x_wconf 82' lang='lat' dir='ltr'><strong>habitus</strong></span> <span class='ocrx_word' id='word_1_226' title='bbox 591 3282 728 3329; x_wconf 81' lang='lat' dir='ltr'><strong>reversus</strong></span> <span class='ocrx_word' id='word_1_227' title='bbox 743 3265 889 3347; x_wconf 68' lang='lat' dir='ltr'><strong>mquam</strong></span> <span class='ocrx_word' id='word_1_228' title='bbox 905 3263 1023 3330; x_wconf 84' lang='lat' dir='ltr'><strong>advers</strong></span> <span class='ocrx_word' id='word_1_229' title='bbox 1038 3263 1199 3348; x_wconf 84' lang='lat' dir='ltr'><strong>originalia</strong></span> <span class='ocrx_word' id='word_1_230' title='bbox 1214 3263 1399 3342; x_wconf 73' lang='lat' dir='ltr'><strong>authentica,</strong></span> <span class='ocrx_word' id='word_1_231' title='bbox 1414 3266 1529 3329; x_wconf 86' lang='lat' dir='ltr'><strong>etma-</strong></span> 
     </span>
     <span class='ocr_line' id='line_1_27' title="bbox 274 3377 1531 3464; baseline -0.002 -18"><span class='ocrx_word' id='word_1_232' title='bbox 274 3379 373 3459; x_wconf 82' lang='lat' dir='ltr'><strong>trices‚</strong></span> <span class='ocrx_word' id='word_1_233' title='bbox 389 3381 419 3446; x_wconf 89' lang='lat' dir='ltr'><strong>et</strong></span> <span class='ocrx_word' id='word_1_234' title='bbox 433 3379 498 3445; x_wconf 91' lang='lat' dir='ltr'><strong>illis</strong></span> <span class='ocrx_word' id='word_1_235' title='bbox 513 3379 545 3445; x_wconf 86' lang='lat' dir='ltr'><strong>et</strong></span> <span class='ocrx_word' id='word_1_236' title='bbox 559 3397 662 3446; x_wconf 85' lang='lat' dir='ltr'><strong>earum</strong></span> <span class='ocrx_word' id='word_1_237' title='bbox 672 3377 798 3445; x_wconf 84' lang='lat' dir='ltr'><strong>cuilibet</strong></span> <span class='ocrx_word' id='word_1_238' title='bbox 813 3397 933 3464; x_wconf 88' lang='lat' dir='ltr'><strong>semper</strong></span> <span class='ocrx_word' id='word_1_239' title='bbox 947 3380 979 3446; x_wconf 89' lang='lat' dir='ltr'><strong>et</strong></span> <span class='ocrx_word' id='word_1_240' title='bbox 993 3379 1125 3445; x_wconf 83' lang='lat' dir='ltr'><strong>maxima</strong></span> <span class='ocrx_word' id='word_1_241' title='bbox 1140 3380 1176 3445; x_wconf 90' lang='lat' dir='ltr'><strong>sb</strong></span> <span class='ocrx_word' id='word_1_242' title='bbox 1191 3379 1282 3444; x_wconf 88' lang='lat' dir='ltr'><strong>aunis</strong></span> <span class='ocrx_word' id='word_1_243' title='bbox 1297 3398 1325 3444; x_wconf 84' lang='lat' dir='ltr'><strong>x.</strong></span> <span class='ocrx_word' id='word_1_244' title='bbox 1335 3397 1381 3445; x_wconf 65' lang='lat' dir='ltr'><strong>xx</strong></span> <span class='ocrx_word' id='word_1_245' title='bbox 1391 3397 1458 3445; x_wconf 80' lang='lat' dir='ltr'><strong>m</strong></span> <span class='ocrx_word' id='word_1_246' title='bbox 1467 3379 1531 3444; x_wconf 61' lang='lat'><strong>121⁸</strong></span> 
     </span>
     <span class='ocr_line' id='line_1_28' title="bbox 273 3491 1528 3580; baseline -0.002 -18"><span class='ocrx_word' id='word_1_247' title='bbox 273 3495 450 3580; x_wconf 83' lang='lat' dir='ltr'><strong>octuaginta</strong></span> <span class='ocrx_word' id='word_1_248' title='bbox 470 3495 502 3560; x_wconf 87' lang='lat' dir='ltr'><strong>et</strong></span> <span class='ocrx_word' id='word_1_249' title='bbox 523 3494 661 3574; x_wconf 84' lang='lat' dir='ltr'><strong>eentum,</strong></span> <span class='ocrx_word' id='word_1_250' title='bbox 683 3495 715 3560; x_wconf 90' lang='lat' dir='ltr'><strong>et</strong></span> <span class='ocrx_word' id='word_1_251' title='bbox 735 3495 817 3561; x_wconf 88' lang='lat' dir='ltr'><strong>cetra</strong></span> <span class='ocrx_word' id='word_1_252' title='bbox 838 3495 870 3560; x_wconf 87' lang='lat' dir='ltr'><strong>st</strong></span> <span class='ocrx_word' id='word_1_253' title='bbox 890 3494 987 3575; x_wconf 87' lang='lat' dir='ltr'><strong>ultra,</strong></span> <span class='ocrx_word' id='word_1_254' title='bbox 1016 3496 1048 3560; x_wconf 90' lang='lat' dir='ltr'><strong>et</strong></span> <span class='ocrx_word' id='word_1_255' title='bbox 1070 3514 1188 3578; x_wconf 91' lang='lat' dir='ltr'><strong>semper</strong></span> <span class='ocrx_word' id='word_1_256' title='bbox 1210 3495 1243 3559; x_wconf 90' lang='lat' dir='ltr'><strong>et</strong></span> <span class='ocrx_word' id='word_1_257' title='bbox 1264 3493 1406 3561; x_wconf 86' lang='lat' dir='ltr'><strong>continue</strong></span> <span class='ocrx_word' id='word_1_258' title='bbox 1429 3491 1469 3560; x_wconf 83' lang='lat' dir='ltr'><strong>au</strong></span> <span class='ocrx_word' id='word_1_259' title='bbox 1492 3513 1528 3560; x_wconf 87' lang='lat' dir='ltr'><strong>ec</strong></span> 
     </span>
     <span class='ocr_line' id='line_1_29' title="bbox 272 3608 1529 3696; baseline -0.002 -19"><span class='ocrx_word' id='word_1_260' title='bbox 272 3610 352 3696; x_wconf 89' lang='lat' dir='ltr'><strong>quod</strong></span> <span class='ocrx_word' id='word_1_261' title='bbox 373 3611 520 3676; x_wconf 89' lang='lat' dir='ltr'><strong>memoria</strong></span> <span class='ocrx_word' id='word_1_262' title='bbox 541 3609 574 3675; x_wconf 91' lang='lat' dir='ltr'><strong>in</strong></span> <span class='ocrx_word' id='word_1_263' title='bbox 596 3610 782 3676; x_wconf 85' lang='lat' dir='ltr'><strong>contrarium</strong></span> <span class='ocrx_word' id='word_1_264' title='bbox 803 3629 864 3676; x_wconf 94' lang='lat' dir='ltr'><strong>nou</strong></span> <span class='ocrx_word' id='word_1_265' title='bbox 885 3611 968 3676; x_wconf 79' lang='lat' dir='ltr'><strong>extat</strong></span> <span class='ocrx_word' id='word_1_266' title='bbox 989 3609 1081 3676; x_wconf 88' lang='lat' dir='ltr'><strong>fuerit</strong></span> <span class='ocrx_word' id='word_1_267' title='bbox 1103 3610 1162 3676; x_wconf 85' lang='lat' dir='ltr'><strong>etsi</strong></span> <span class='ocrx_word' id='word_1_268' title='bbox 1183 3610 1274 3694; x_wconf 87' lang='lat' dir='ltr'><strong>plena</strong></span> <span class='ocrx_word' id='word_1_269' title='bbox 1295 3611 1328 3675; x_wconf 90' lang='lat' dir='ltr'><strong>at</strong></span> <span class='ocrx_word' id='word_1_270' title='bbox 1350 3608 1529 3686; x_wconf 77' lang='lat' dir='ltr'><strong>Indubitate</strong></span> 
     </span>
     <span class='ocr_line' id='line_1_30' title="bbox 273 3724 1459 3804; baseline 0 -12"><span class='ocrx_word' id='word_1_271' title='bbox 273 3727 350 3792; x_wconf 87' lang='lat' dir='ltr'><strong>fides</strong></span> <span class='ocrx_word' id='word_1_272' title='bbox 365 3729 403 3792; x_wconf 86' lang='lat' dir='ltr'><strong>ab</strong></span> <span class='ocrx_word' id='word_1_273' title='bbox 425 3725 567 3793; x_wconf 90' lang='lat' dir='ltr'><strong>omuibus</strong></span> <span class='ocrx_word' id='word_1_274' title='bbox 588 3726 621 3790; x_wconf 92' lang='lat' dir='ltr'><strong>in</strong></span> <span class='ocrx_word' id='word_1_275' title='bbox 635 3725 746 3792; x_wconf 86' lang='lat' dir='ltr'><strong>iudicio</strong></span> <span class='ocrx_word' id='word_1_276' title='bbox 768 3727 800 3790; x_wconf 92' lang='lat' dir='ltr'><strong>et</strong></span> <span class='ocrx_word' id='word_1_277' title='bbox 813 3727 906 3804; x_wconf 84' lang='lat' dir='ltr'><strong>extra,</strong></span> <span class='ocrx_word' id='word_1_278' title='bbox 929 3727 959 3791; x_wconf 89' lang='lat' dir='ltr'><strong>et</strong></span> <span class='ocrx_word' id='word_1_279' title='bbox 974 3725 1058 3792; x_wconf 89' lang='lat' dir='ltr'><strong>omni</strong></span> <span class='ocrx_word' id='word_1_280' title='bbox 1073 3725 1132 3792; x_wconf 92' lang='lat' dir='ltr'><strong>alio</strong></span> <span class='ocrx_word' id='word_1_281' title='bbox 1154 3724 1274 3793; x_wconf 90' lang='lat' dir='ltr'><strong>meliori</strong></span> <span class='ocrx_word' id='word_1_282' title='bbox 1291 3724 1381 3792; x_wconf 82' lang='lat' dir='ltr'><strong>modo</strong></span> <span class='ocrx_word' id='word_1_283' title='bbox 1401 3726 1459 3792; x_wconf 82' lang='lat' dir='ltr'><strong>cto</strong></span> 
     </span>
     <span class='ocr_line' id='line_1_31' title="bbox 362 3839 1527 3925; baseline -0.003 -16"><span class='ocrx_word' id='word_1_284' title='bbox 362 3843 507 3909; x_wconf 90' lang='lat' dir='ltr'><strong>Prosente</strong></span> <span class='ocrx_word' id='word_1_285' title='bbox 529 3842 610 3908; x_wconf 86' lang='lat' dir='ltr'><strong>dicto</strong></span> <span class='ocrx_word' id='word_1_286' title='bbox 633 3842 661 3909; x_wconf 89' lang='lat' dir='ltr'><strong>d.</strong></span> <span class='ocrx_word' id='word_1_287' title='bbox 684 3841 811 3908; x_wconf 90' lang='lat' dir='ltr'><strong>Nicolao</strong></span> <span class='ocrx_word' id='word_1_288' title='bbox 834 3841 914 3908; x_wconf 87' lang='lat' dir='ltr'><strong>dieto</strong></span> <span class='ocrx_word' id='word_1_289' title='bbox 937 3842 1067 3920; x_wconf 85' lang='lat' dir='ltr'><strong>nomine,</strong></span> <span class='ocrx_word' id='word_1_290' title='bbox 1090 3843 1121 3907; x_wconf 90' lang='lat' dir='ltr'><strong>ot</strong></span> <span class='ocrx_word' id='word_1_291' title='bbox 1143 3839 1289 3925; x_wconf 84' lang='lat' dir='ltr'><strong>predictis</strong></span> <span class='ocrx_word' id='word_1_292' title='bbox 1311 3860 1372 3907; x_wconf 92' lang='lat' dir='ltr'><strong>non</strong></span> <span class='ocrx_word' id='word_1_293' title='bbox 1395 3859 1527 3908; x_wconf 89' lang='lat' dir='ltr'><strong>consen·</strong></span> 
     </span>
     <span class='ocr_line' id='line_1_32' title="bbox 273 3957 1527 4043; baseline 0 -19"><span class='ocrx_word' id='word_1_294' title='bbox 273 3959 369 4025; x_wconf 88' lang='lat' dir='ltr'><strong>tiente</strong></span> <span class='ocrx_word' id='word_1_295' title='bbox 396 3958 458 4024; x_wconf 88' lang='lat' dir='ltr'><strong>nisi</strong></span> <span class='ocrx_word' id='word_1_296' title='bbox 480 3958 513 4024; x_wconf 92' lang='lat' dir='ltr'><strong>in</strong></span> <span class='ocrx_word' id='word_1_297' title='bbox 541 3959 626 4042; x_wconf 88' lang='lat' dir='ltr'><strong>parte</strong></span> <span class='ocrx_word' id='word_1_298' title='bbox 649 3959 680 4024; x_wconf 93' lang='lat' dir='ltr'><strong>et</strong></span> <span class='ocrx_word' id='word_1_299' title='bbox 708 3957 847 4043; x_wconf 90' lang='lat' dir='ltr'><strong>partibus</strong></span> <span class='ocrx_word' id='word_1_300' title='bbox 870 3977 904 4024; x_wconf 86' lang='lat' dir='ltr'><strong>eo</strong></span> <span class='ocrx_word' id='word_1_301' title='bbox 933 3959 1121 4041; x_wconf 86' lang='lat' dir='ltr'><strong>protestante</strong></span> <span class='ocrx_word' id='word_1_302' title='bbox 1143 3957 1180 4024; x_wconf 87' lang='lat' dir='ltr'><strong>de</strong></span> <span class='ocrx_word' id='word_1_303' title='bbox 1202 3957 1347 4024; x_wconf 86' lang='lat' dir='ltr'><strong>nullitate</strong></span> <span class='ocrx_word' id='word_1_304' title='bbox 1376 3975 1434 4022; x_wconf 88' lang='lat' dir='ltr'><strong>nce</strong></span> <span class='ocrx_word' id='word_1_305' title='bbox 1464 3976 1527 4024; x_wconf 93' lang='lat' dir='ltr'><strong>nou</strong></span> 
     </span>
     <span class='ocr_line' id='line_1_33' title="bbox 272 4072 1527 4159; baseline -0.002 -19"><span class='ocrx_word' id='word_1_306' title='bbox 272 4075 408 4141; x_wconf 89' lang='lat' dir='ltr'><strong>instante</strong></span> <span class='ocrx_word' id='word_1_307' title='bbox 436 4093 471 4141; x_wconf 85' lang='lat' dir='ltr'><strong>ac</strong></span> <span class='ocrx_word' id='word_1_308' title='bbox 500 4076 622 4159; x_wconf 80' lang='lat' dir='ltr'><strong>petente</strong></span> <span class='ocrx_word' id='word_1_309' title='bbox 650 4074 797 4140; x_wconf 86' lang='lat' dir='ltr'><strong>declarari</strong></span> <span class='ocrx_word' id='word_1_310' title='bbox 826 4093 879 4157; x_wconf 92' lang='lat' dir='ltr'><strong>per</strong></span> <span class='ocrx_word' id='word_1_311' title='bbox 901 4074 929 4141; x_wconf 87' lang='grc'><strong>(1</strong></span> <span class='ocrx_word' id='word_1_312' title='bbox 952 4073 980 4141; x_wconf 87' lang='lat' dir='ltr'><strong>d.</strong></span> <span class='ocrx_word' id='word_1_313' title='bbox 1008 4074 1233 4159; x_wconf 83' lang='lat' dir='ltr'><strong>procuratorem</strong></span> <span class='ocrx_word' id='word_1_314' title='bbox 1261 4093 1285 4139; x_wconf 94' lang='lat' dir='ltr'><strong>s.</strong></span> <span class='ocrx_word' id='word_1_315' title='bbox 1308 4072 1337 4138; x_wconf 87' lang='lat' dir='ltr'><strong>d.</strong></span> <span class='ocrx_word' id='word_1_316' title='bbox 1360 4092 1389 4138; x_wconf 85' lang='lat' dir='ltr'><strong>n</strong></span> <span class='ocrx_word' id='word_1_317' title='bbox 1420 4074 1527 4138; x_wconf 88' lang='lat' dir='ltr'><strong>utrum</strong></span> 
     </span>
     <span class='ocr_line' id='line_1_34' title="bbox 274 4187 1527 4274; baseline -0.003 -18"><span class='ocrx_word' id='word_1_318' title='bbox 274 4191 418 4256; x_wconf 84' lang='lat' dir='ltr'><strong>hodierna</strong></span> <span class='ocrx_word' id='word_1_319' title='bbox 440 4190 490 4256; x_wconf 86' lang='lat' dir='ltr'><strong>dic</strong></span> <span class='ocrx_word' id='word_1_320' title='bbox 511 4189 651 4257; x_wconf 86' lang='lat' dir='ltr'><strong>intendat</strong></span> <span class='ocrx_word' id='word_1_321' title='bbox 673 4191 837 4274; x_wconf 81' lang='lat' dir='ltr'><strong>exemplari</strong></span> <span class='ocrx_word' id='word_1_322' title='bbox 866 4190 963 4256; x_wconf 89' lang='lat' dir='ltr'><strong>facere</strong></span> <span class='ocrx_word' id='word_1_323' title='bbox 984 4189 1135 4273; x_wconf 83' lang='lat' dir='ltr'><strong>predictos</strong></span> <span class='ocrx_word' id='word_1_324' title='bbox 1157 4189 1260 4254; x_wconf 86' lang='lat' dir='ltr'><strong>bullas</strong></span> <span class='ocrx_word' id='word_1_325' title='bbox 1282 4187 1366 4256; x_wconf 84' lang='lat' dir='ltr'><strong>iuxta</strong></span> <span class='ocrx_word' id='word_1_326' title='bbox 1388 4189 1527 4254; x_wconf 87' lang='lat' dir='ltr'><strong>tenorem</strong></span> 
     </span>
     <span class='ocr_line' id='line_1_35' title="bbox 273 4303 1525 4391; baseline -0.004 -18"><span class='ocrx_word' id='word_1_327' title='bbox 273 4308 430 4373; x_wconf 87' lang='lat' dir='ltr'><strong>literarum</strong></span> <span class='ocrx_word' id='word_1_328' title='bbox 453 4326 510 4374; x_wconf 90' lang='lat' dir='ltr'><strong>ser.</strong></span> <span class='ocrx_word' id='word_1_329' title='bbox 532 4305 649 4373; x_wconf 85' lang='lat' dir='ltr'><strong>domini</strong></span> <span class='ocrx_word' id='word_1_330' title='bbox 671 4305 863 4391; x_wconf 89' lang='lat' dir='ltr'><strong>imperatoris</strong></span> <span class='ocrx_word' id='word_1_331' title='bbox 886 4306 934 4374; x_wconf 86' lang='lat' dir='ltr'><strong>vel</strong></span> <span class='ocrx_word' id='word_1_332' title='bbox 956 4305 1163 4372; x_wconf 80' lang='lat' dir='ltr'><strong>transmittere</strong></span> <span class='ocrx_word' id='word_1_333' title='bbox 1186 4303 1399 4388; x_wconf 71' lang='lat' dir='ltr'><strong>adprobatum</strong></span> <span class='ocrx_word' id='word_1_334' title='bbox 1423 4303 1525 4387; x_wconf 89' lang='lat' dir='ltr'><strong>impe·</strong></span> 
     </span>
     <span class='ocr_line' id='line_1_36' title="bbox 273 4417 1527 4509; baseline -0.004 -21"><span class='ocrx_word' id='word_1_335' title='bbox 273 4423 404 4488; x_wconf 83' lang='lat' dir='ltr'><strong>roborem</strong></span> <span class='ocrx_word' id='word_1_336' title='bbox 427 4423 461 4486; x_wconf 92' lang='lat' dir='ltr'><strong>ut</strong></span> <span class='ocrx_word' id='word_1_337' title='bbox 483 4422 581 4507; x_wconf 88' lang='lat' dir='ltr'><strong>possit</strong></span> <span class='ocrx_word' id='word_1_338' title='bbox 602 4423 770 4490; x_wconf 88' lang='lat' dir='ltr'><strong>deliberare</strong></span> <span class='ocrx_word' id='word_1_339' title='bbox 792 4423 865 4509; x_wconf 87' lang='lat' dir='ltr'><strong>quid</strong></span> <span class='ocrx_word' id='word_1_340' title='bbox 887 4422 1038 4509; x_wconf 83' lang='lat' dir='ltr'><strong>agendum</strong></span> <span class='ocrx_word' id='word_1_341' title='bbox 1063 4421 1104 4488; x_wconf 89' lang='lat' dir='ltr'><strong>sit</strong></span> <span class='ocrx_word' id='word_1_342' title='bbox 1126 4439 1179 4506; x_wconf 93' lang='lat' dir='ltr'><strong>pro</strong></span> <span class='ocrx_word' id='word_1_343' title='bbox 1207 4421 1294 4506; x_wconf 89' lang='lat' dir='ltr'><strong>parte</strong></span> <span class='ocrx_word' id='word_1_344' title='bbox 1316 4420 1360 4486; x_wconf 91' lang='lat' dir='ltr'><strong>ill.</strong></span> <span class='ocrx_word' id='word_1_345' title='bbox 1385 4418 1411 4485; x_wconf 78' lang='lat' dir='ltr'><strong>cl</strong></span> <span class='ocrx_word' id='word_1_346' title='bbox 1437 4417 1527 4484; x_wconf 86' lang='lat' dir='ltr'><strong>ducis</strong></span> 
     </span>
    </p>
   </div>
   <div class='ocr_carea' id='block_1_6' title="bbox 0 0 1632 4904">
    <p class='ocr_par' dir='ltr' id='par_1_6' title="bbox 0 0 1632 4904">
     <span class='ocr_line' id='line_1_37' title="bbox 0 0 1632 4904; baseline 0 0"><span class='ocrx_word' id='word_1_347' title='bbox 0 0 1632 4904; x_wconf 95' lang='lat' dir='ltr'><strong> </strong></span> 
     </span>
    </p>
   </div>
  </div>
 </body>
</html>
