3128 4908
561 263 805 329 ..229-

74 459 153 526 eliam
173 457 243 527 nori
272 457 416 526 moinonis
447 455 565 524 debitas
595 477 716 542 poenm,
746 460 773 524 si
797 465 892 525 ser.tes
922 461 975 525 lua
1005 443 1124 527 differre
1153 460 1307 546 paulisper

73 579 175 643 motum
196 575 293 642 animi
322 575 379 655 sui,
408 577 440 641 et
463 575 596 642 subitam
619 573 807 642 iracundiam
838 576 993 643 cohercere
1023 577 1180 660 potuisset.
1225 578 1306 662 Ergo

73 695 103 758 ob
124 693 175 760 hoc
196 711 243 760 res
266 691 400 758 maxime
421 692 552 758 molesta
575 693 622 758 est
645 692 742 770 nobis,
773 711 946 779 quanquam
969 693 1040 758 huic
1069 694 1229 760 molestiae
1251 693 1307 760 illa

73 809 221 876 consolatio
244 809 292 876 est
315 807 466 886 adiuncta
496 807 576 893 quod
599 810 633 873 tn
656 827 726 874 cum
749 808 786 874 de
809 809 922 874 recenti
950 807 1034 874 illius
1065 811 1175 876 scelere
1199 811 1308 876 certior

73 927 157 992 iactus
178 945 268 1004 esses,
292 944 351 1009 quo
366 923 419 990 ille
441 924 626 1008 praefectum
650 923 804 989 custodiae
828 943 899 990 snae
914 926 1034 1009 arrepto
1056 927 1188 1011 pugione
1210 925 1306 991 truci·

72 1043 196 1122 leverat,
225 1041 385 1128 suasque¹)
410 1059 519 1106 manus
543 1041 692 1125 sangnine
715 1041 835 1107 innoxio
865 1043 1088 1118 cruentaverat.
1119 1045 1154 1108 nt
1183 1041 1307 1110 melodo

71 1161 161 1226 ablato
182 1159 209 1228 ei
232 1159 323 1244 fugae
349 1159 467 1242 pateret
489 1157 603 1237 exitus,
633 1157 769 1241 aliosque
799 1177 901 1224 smum
931 1158 971 1224 ad
999 1159 1135 1227 eiusdem
1164 1159 1307 1226 facinoris

71 1277 282 1342 consensionem
306 1275 487 1357 corruperat,
515 1273 582 1358 ipso
605 1274 704 1358 primo
728 1274 837 1340 nuncio
861 1278 1030 1341 commotus
1053 1296 1122 1342 cum
1145 1275 1307 1344 Alculclnm

72 1394 194 1460 mitteres
216 1392 255 1458 ad
278 1391 501 1476 inquirendum,
523 1393 554 1456 et
577 1391 605 1456 si
628 1409 662 1456 ca
686 1409 756 1456 vera
778 1391 976 1474 comperisset
998 1392 1092 1458 etiam
1115 1393 1154 1460 acl
1176 1393 1306 1477 punien-

71 1509 133 1574 dum
161 1511 190 1574 et
211 1507 443 1586 mulcendum,
474 1526 534 1574 non
564 1509 594 1572 te
621 1507 736 1591 nephas
767 1508 866 1574 ullum
895 1508 1085 1576 committere
1108 1509 1306 1586 existimasti3

70 1626 191 1710 quodque
206 1627 320 1709 postea
335 1625 490 1690 intellecta
506 1623 648 1688 facinoris
670 1623 829 1708 genuae
852 1625 884 1690 et
905 1626 1026 1709 queste
1048 1625 1081 1691 in
1096 1625 1219 1710 bqueos
1234 1645 1306 1694 een-

71 1761 196 1807 surarum
218 1740 432 1825 implicuisses,
456 1739 594 1823 quodqne
617 1739 655 1805 ab
678 1740 762 1804 omni
784 1739 995 1806 communione
1018 1739 1156 1808 fidelium
1177 1743 1307 1809 reiectus

70 1877 150 1936 essee,
178 1857 215 1923 acl
238 1857 374 1923 dolorem
396 1853 494 1922 animi
516 1857 548 1920 et
576 1855 795 1938 poenitentiam
818 1875 988 1934 conversus,
1019 1857 1108 1923 rebus
1131 1855 1253 1938 tinnis,
1276 1859 1308 1924 et

71 1973 259 2040 sanctissimis
282 1971 439 2058 mysteriis
462 1969 657 2048 abstinuisti3
679 1971 770 2055 atque
792 1971 828 2036 ut
850 1971 936 2056 pium
958 1974 989 2039 et
1012 1973 1196 2042 catholicum
1219 1974 1306 2058 prin·

70 2089 156 2172 alpem
169 2089 302 2167 decebat
326 2089 364 2153 ad
386 2107 442 2154 nos
458 2084 606 2153 orandum
629 2089 660 2153 et
675 2087 897 2172 deprecandum
921 2089 1045 2169 misisti,
1068 2091 1103 2156 nt
1122 2090 1179 2156 tibi
1201 2091 1234 2158 in
1249 2091 1308 2156 Dei

69 2207 95 2270 et
114 2205 230 2284 Christi,
260 2204 346 2271 onius
369 2204 450 2270 vices
473 2203 618 2288 gerimus,
649 2205 829 2270 anctoritate
857 2203 979 2272 reniam
1001 2207 1032 2272 et
1062 2205 1307 2272 communionem

70 2322 172 2403 gratiae
194 2321 433 2388 restitueremus.
479 2315 562 2400 Quae
586 2321 658 2385 sunt
673 2319 776 2387 omnia
799 2319 886 2385 nobis
908 2322 940 2387 et
962 2341 1014 2404 per
1030 2321 1149 2388 litteras
1174 2323 1252 2402 tuas,
1275 2323 1307 2388 et

70 2437 200 2504 referente
215 2437 326 2503 dilecto
341 2435 406 2502 lilio
421 2435 517 2504 nobili
533 2435 597 2502 viro
607 2433 733 2520 Aloysio
748 2435 832 2502 Duoe
848 2433 976 2503 Suessae
991 2439 1061 2504 tuae
1077 2441 1166 2504 serit
1180 2439 1305 2517 oratore,

69 2553 118 2634 piis
139 2572 172 2620 ac
193 2553 346 2638 religiosis
361 2551 500 2636 precibus
515 2551 659 2635 exposita.
704 2552 749 2618 en
772 2552 882 2634 qulbus
897 2553 1040 2619 renovata
1055 2553 1102 2620 est
1118 2555 1188 2620 ante
1203 2555 1305 2622 oculos

69 2671 167 2734 neniis
188 2671 309 2737 nostrae
333 2667 541 2736 memorabilis
564 2667 620 2734 illa
642 2667 740 2752 pietas
763 2669 853 2752 atque
875 2668 983 2754 religio
999 2670 1054 2735 cla.
1071 2689 1128 2736 me.
1144 2670 1306 2737 Tbeodosii

69 2783 244 2868 imperatoris
273 2785 511 2870 praedecessoris
535 2785 589 2864 tui,
619 2783 705 2849 ouius
729 2785 763 2849 tu
785 2782 902 2850 nomini
932 2787 963 2850 ot
986 2785 1133 2869 potestati
1154 2807 1217 2871 pur,
1247 2788 1304 2852 bac

68 2901 149 2967 ellam
169 2900 326 2986 religionis
350 2901 462 2966 virtute
491 2919 552 2965 non
574 2899 699 2965 interior
728 2919 795 2966 esse
819 2900 957 2973 voluisti:
981 2919 1058 2984 quae
1088 2900 1211 2986 quidem
1235 2921 1304 2968 vera

67 3019 106 3080 esi
127 3017 282 3084 chistiani
303 3015 450 3100 principis
473 3015 662 3099 magnitudo,
693 3015 772 3082 sicut
795 3015 828 3081 in
849 3015 903 3080 illo
926 3016 1021 3082 etiam
1044 3015 1112 3097 fuit
1142 3037 1306 3102 agnoscere

67 3133 91 3196 el
113 3133 241 3200 uenerari
262 3131 410 3199 maiorem
433 3131 523 3198 illum
545 3130 727 3215 principem,
758 3131 810 3215 qui
839 3132 872 3197 in
895 3133 976 3198 coelo
1009 3135 1039 3198 et
1062 3131 1094 3198 in
1117 3135 1198 3200 terra
1222 3134 1304 3200 solus

67 3250 107 3312 cst
126 3249 300 3316 altissimus.
346 3247 406 3314 His
429 3265 484 3313 nos
507 3246 664 3332 perpensis
688 3249 718 3313 et
739 3247 946 3328 consideratis,
970 3248 1075 3315 faciles
1098 3251 1129 3316 et
1143 3250 1243 3334 parati
1266 3249 1304 3315 ad

68 3363 172 3432 reniam
193 3385 310 3446 snmus,
333 3383 388 3431 nec
410 3363 459 3430 cui
480 3361 540 3430 Dei
561 3362 779 3447 omnipotentis
795 3363 1035 3430 misericordiam
1057 3368 1230 3450 promptam
1253 3366 1302 3431 in·

68 3479 234 3566 tellegimus,
257 3481 287 3548 ei
308 3482 446 3548 nostram
468 3477 693 3564 indulgentiam
709 3478 919 3563 denegandam
942 3481 1134 3547 arbitramur.
1182 3479 1241 3548 Sed
1256 3484 1303 3548 est

68 3599 208 3681 srupulus
224 3597 349 3683 quidam
372 3597 405 3662 in
427 3595 530 3662 animo
553 3597 656 3662 nostro
679 3593 785 3674 maior,
816 3595 853 3662 de
876 3615 934 3680 quo
957 3599 1158 3682 opportunum
1183 3601 1303 3683 tempus

68 3711 172 3779 siletur
198 3713 381 3780 admonendi
403 3713 458 3792 tui,
489 3711 661 3798 quandote
690 3712 752 3777 ista
782 3711 929 3796 religione
951 3715 983 3779 et
1006 3713 1080 3779 recti
1110 3714 1303 3780 observantia

69 3828 228 3908 praeditum,
252 3830 341 3896 facile
364 3847 527 3912 possumus
544 3827 663 3894 credere
686 3846 746 3895 non
764 3826 1017 3895 animadvertisse
1040 3829 1114 3913 quid
1135 3848 1249 3913 ageres,
1273 3831 1304 3896 et

68 3941 93 4004 in
107 3945 234 4026 grauiore
257 3947 352 4012 etiam
368 3945 456 4028 culpa
479 3943 677 4021 admittenda,
701 3942 814 4009 dolosis
829 3943 931 4027 potius
947 3945 1140 4012 suasionibus
1163 3946 1302 4026 aliorum,

69 4077 146 4138 *luam
168 4063 233 4127 tuae
256 4061 390 4146 optimae
413 4061 444 4126 et
467 4059 655 4126 rectissimae
685 4060 810 4125 naturae
840 4060 1073 4145 obtemperasse.
1120 4059 1189 4127 Non
1220 4059 1301 4128 enim

69 4169 104 4236 lili
118 4174 268 4242 carissime
284 4175 386 4242 minus
403 4176 537 4242 erratum
554 4177 608 4253 est,
633 4192 729 4258 neque
744 4174 838 4240 levior
860 4175 942 4258 apud
956 4176 1054 4242 Deum
1079 4177 1176 4259 culpa,
1195 4175 1301 4243 tollere

146 4423 164 4488 ¹)
182 4427 286 4479 brunias.
306 4425 408 4494 impias.
