3152 4902
740 205 986 272 ..184-

237 417 307 464 mus
330 398 453 484 quidem
474 399 604 479 litteras,
635 399 687 465 sed
710 400 820 485 quibus
843 400 944 485 magis
967 401 1062 468 etiam
1084 400 1133 466 illi
1155 401 1226 468 duci
1248 402 1480 470 concordiamet

237 515 379 581 unionem
403 534 472 581 cum
496 513 607 580 Sancta
630 513 706 583 Sede
736 515 901 600 apostolica
931 517 1167 602 christianisque
1194 517 1383 604 principibus
1404 536 1478 584 mm·

237 630 465 710 mandabamus,
487 650 615 716 eumque
637 632 845 699 lusitabamus
868 632 1089 716 quodammodo
1112 634 1148 698 ut
1170 633 1261 700 nobis
1290 634 1388 719 ipsius
1408 635 1478 700 anri·

237 745 342 812 citiam
358 748 389 813 et
403 747 646 814 coniunctionem
667 747 880 832 appetentibus
896 766 928 814 se
943 749 1113 834 benignum
1128 750 1159 815 et
1184 749 1307 816 facilem
1329 750 1481 817 exhiberet.

238 859 356 944 Quibus
378 862 491 928 litteris
506 863 647 929 affectum
669 864 725 943 est,
747 865 783 928 ut
804 863 864 929 dur
886 863 952 949 ipse
967 863 1142 931 Moesorum
1163 866 1322 932 homiuem
1345 885 1430 932 suum
1448 866 1481 930 ad

236 997 293 1045 nos
315 999 385 1045 cum
407 979 520 1045 litteris
536 980 681 1059 mitteret
704 999 868 1065 presseque
890 981 984 1047 serrat
1007 981 1192 1048 desiderium
1207 982 1365 1049 iaciendas
1385 983 1480 1050 nobis·

236 1115 307 1162 cum
322 1094 550 1176 coniunctionis,
573 1096 699 1162 modum
714 1098 817 1163 autem
840 1098 870 1162 ct
886 1096 1050 1163 consilium
1072 1117 1090 1163 a
1107 1098 1195 1164 uobis
1212 1101 1377 1183 quaereret.
1409 1098 1482 1179 Quas

236 1230 286 1277 res
317 1212 462 1278 hacmnus
492 1230 553 1277 uon
582 1211 760 1278 dubitamus
791 1212 949 1279 serenitati
979 1215 1049 1278 tuae
1079 1213 1175 1280 trisse
1204 1216 1309 1291 uotas;
1339 1216 1427 1299 atque
1453 1234 1482 1281 so

238 1326 331 1393 etiam
363 1327 495 1393 notiores
524 1327 604 1411 quod
633 1327 782 1393 ambobus
813 1327 878 1393 illis
901 1329 933 1394 et
954 1329 1052 1395 Paulo
1081 1330 1113 1394 at
1134 1329 1291 1396 Demetrio
1314 1330 1417 1396 Mosco
1437 1349 1483 1414 par

237 1443 325 1528 regni
346 1443 393 1508 tui
415 1442 554 1529 regiones
569 1442 807 1523 trmssuntibua
830 1445 952 1509 tantum
967 1444 1223 1510 inhumanitatis
1246 1448 1277 1512 et
1297 1445 1484 1512 liberalitatis

238 1559 342 1625 nostra
372 1577 464 1625 causa
492 1559 667 1640 exhibuisti,
699 1560 734 1624 ut
756 1578 809 1642 pro
839 1559 900 1624 isto
922 1559 975 1625 tuo
998 1561 1169 1642 praestanti
1198 1559 1297 1627 officio
1327 1562 1484 1627 maximam

240 1693 357 1759 quoquc
379 1673 513 1760 gratiam
543 1676 613 1740 tuae
637 1678 714 1741 ser.ti
739 1693 794 1741 uos
823 1673 931 1740 debera
960 1674 1164 1758 profiteamur.
1211 1677 1343 1742 Paulum
1371 1677 1484 1760 quidem

239 1789 350 1874 ipsum,
365 1789 438 1856 licet
460 1810 521 1856 non
536 1792 640 1856 noster
653 1790 745 1856 homo
760 1790 842 1856 asset
864 1789 917 1855 sad
940 1807 994 1855 suo
1009 1791 1133 1858 nominc
1155 1791 1214 1858 iter
1233 1792 1368 1872 haberet
1389 1794 1485 1858 amau

239 1907 384 1991 quoniam
406 1907 460 1972 ille
482 1925 593 1972 nomeu
615 1907 756 1973 uostmm
778 1905 811 1971 in
833 1905 1069 1972 necessitatibus
1093 1907 1158 1972 suis
1181 1907 1263 1991 apud
1284 1908 1316 1974 ta
1338 1907 1483 1992 praetulit

239 2023 312 2107 quid
333 2022 383 2088 illi
397 2003 494 2088 defuit
515 2022 578 2089 ullo
593 2021 626 2088 in
648 2040 758 2106 genere
774 2021 990 2088 'beneficentiae
1012 2023 1091 2102 tusa,
1114 2022 1195 2106 quod
1209 2021 1259 2088 vel
1281 2023 1369 2089 affini
1390 2027 1484 2090 nostro

239 2140 392 2224 praestaro
420 2138 595 2223 potuisses?
640 2138 755 2204 Vomm
783 2136 859 2203 heac
888 2139 978 2203 enrnt
1006 2137 1100 2202 infixa
1127 2138 1161 2204 iu
1191 2138 1294 2204 auimo
1324 2141 1426 2206 nostru
1452 2137 1485 2204 ad

239 2255 419 2321 memoriam
441 2256 511 2320 tuae
533 2253 737 2320 humanitatis
769 2253 995 2336 sempitamum.
1041 2252 1125 2319 illud
1147 2253 1226 2338 quod
1250 2254 1289 2319 ad
1319 2257 1485 2339 susceptum

239 2371 399 2456 negocium
427 2370 569 2455 pertinet,
598 2388 669 2435 cum
698 2369 754 2435 hoc
782 2369 931 2454 principio
960 2368 1114 2435 amicitiae
1143 2371 1174 2436 et
1203 2369 1387 2454 cognitionis
1414 2371 1485 2435 iacto

243 2486 459 2570 Demetrioque
474 2485 541 2571 ipso
556 2484 668 2566 audito,
679 2485 882 2570 cogitaremus
899 2486 995 2552 solere
1009 2485 1109 2552 Deum
1119 2483 1298 2570 quaudoque
1315 2505 1352 2552 ex
1367 2485 1486 2552 minima

243 2603 379 2670 scintilla
400 2601 487 2687 parvi
508 2602 581 2668 boni
595 2600 765 2667 marimum
787 2600 947 2667 charitatis
971 2602 1100 2667 conflare
1115 2601 1299 2682 incendium,
1322 2619 1384 2668 nou
1405 2600 1485 2666 duxi·

241 2737 311 2785 mus
339 2718 527 2785 occasionem
558 2717 851 2802 pretermittendum,
881 2735 916 2782 ac
938 2718 973 2782 ut
995 2717 1130 2801 primum
1160 2717 1317 2801 potuimus
1347 2717 1487 2803 elegimus

241 2852 307 2902 van.
330 2834 457 2900 habam
471 2833 622 2900 Joaunem
640 2833 837 2900 Franciscum
859 2833 1035 2917 episcopum
1052 2830 1230 2900 wunsam
1244 2833 1346 2900 virum
1367 2834 1487 2919 probum

242 2951 274 3018 st
294 2949 474 3035 prudentem
497 2951 528 3016 et
550 2948 682 3030 doctum,
704 2949 738 3014 in
760 2949 883 3033 maguis
905 2948 1086 3014 robosem
1108 2947 1198 3014 leuda
1220 2949 1252 3014 et
1273 2949 1391 3033 optima
1411 2947 1486 3014 fama

243 3066 414 3147 versatum,
442 3065 491 3131 cui
513 3083 569 3131 nos
597 3083 744 3150 magnam
766 3063 858 3130 fidem
880 3064 1046 3144 habemus,
1075 3082 1166 3147 quem
1195 3064 1360 3148 adipsum
1389 3064 1486 3130 ducem

242 3181 413 3248 Mosooaiae
427 3180 620 3248 mitteremus
635 3178 675 3245 ed
689 3179 871 3246 tentandum
886 3180 917 3246 et
932 3178 1146 3264 experiendum
1162 3178 1189 3245 si
1203 3179 1281 3246 forte
1295 3179 1381 3246 Deus
1395 3177 1487 3246 studio

243 3298 340 3366 animi
361 3297 460 3364 nostri
481 3297 625 3382 flagrami
648 3297 687 3363 ad
711 3296 759 3362 sui
780 3295 915 3362 nominis
930 3296 1076 3362 honoram
1097 3297 1129 3362 at
1151 3295 1389 3363 christianitatis
1410 3314 1485 3362 com-

243 3414 377 3496 modum,
399 3413 533 3498 aliquem
548 3412 710 3500 aliquando
726 3410 892 3477 feliciorem
914 3411 1030 3477 exitum
1046 3413 1219 3478 nostorum
1242 3413 1408 3478 conubium
1421 3430 1485 3476 con·

175 3585 179 3590 .
242 3530 346 3599 cedere
374 3530 559 3616 dignaretur.
611 3527 694 3594 Nam
724 3527 822 3593 adhuc
850 3526 974 3611 quidem
1003 3546 1073 3594 cum
1101 3529 1207 3594 nostra
1236 3527 1341 3594 omnia
1369 3525 1487 3594 masilia

243 3650 333 3733 atqua
362 3648 431 3713 acta
460 3665 579 3731 semper
601 3644 640 3711 ad
666 3643 752 3728 pacis
774 3643 805 3709 at
827 3641 985 3728 religionis
1008 3644 1039 3708 et
1061 3641 1133 3708 lidei
1162 3642 1330 3709 catholicae
1361 3643 1487 3708 studium

243 3765 274 3830 ct
297 3761 499 3829 stabilitatem
521 3763 553 3828 et
575 3760 787 3827 omameutum
810 3757 1037 3838 contulerimus,
1060 3777 1168 3843 parum
1191 3777 1351 3842 prosperos
1371 3759 1487 3825 euentus

244 3897 350 3946 sumus
372 3877 495 3962 experti,
517 3877 705 3962 repugnante
719 3874 833 3942 nostris
848 3875 909 3959 piis
924 3873 1082 3941 desideriis
1105 3873 1155 3939 val
1176 3874 1308 3958 procella
1324 3875 1485 3959 temporum

243 3993 294 4061 vel
313 3993 361 4059 ira
381 3993 442 4059 Dei
462 3991 566 4059 debita
588 4009 680 4076 quam
703 3992 750 4057 tot
771 3990 895 4075 peccata
916 3991 1022 4056 nostra
1044 3990 1248 4070 concitarunt;
1272 4008 1370 4076 nsque
1391 3993 1487 4056 umen

244 4108 422 4176 desistimus
445 4127 588 4176 sumusve
616 4105 766 4174 destituti.
813 4103 933 4172 Scimus
956 4105 1038 4174 enim
1068 4105 1121 4191 qui
1142 4105 1235 4173 dixit:
1274 4103 1335 4187 Qui
1355 4123 1486 4192 perseve-

245 4225 358 4292 raverit
378 4225 429 4292 hic
445 4225 547 4291 salvus
563 4223 629 4290 erit.
667 4221 739 4291 Non
754 4241 860 4290 sumus
876 4221 964 4308 digni
985 4221 1126 4290 roncare
1142 4223 1231 4289 tants
1244 4220 1372 4289 Domini
1385 4219 1486 4308 gratia

247 4341 281 4404 at
302 4339 416 4406 snmus
438 4357 500 4407 nou
520 4337 643 4424 indigui
663 4338 750 4405 illius
772 4336 987 4420 mhorimrdia,
1015 4338 1070 4424 qui
1092 4338 1230 4406 conamus
1252 4337 1350 4407 hensa
1377 4337 1489 4406 nostae
