3128 4908
747 315 991 384 -260-

242 513 378 580 faustum
400 512 540 598 felixque,
555 514 620 580 Deo
642 513 815 593 adiuuante,
838 513 976 580 futurum
991 512 1181 592 confidimus,
1204 513 1244 579 ad
1266 516 1384 582 certam
1398 511 1485 582 uicto·

243 633 326 698 viam
348 631 492 716 navigare
514 629 656 715 possitisr
679 630 910 713 quamombrem
933 613 1064 708 Caesen,
1093 628 1280 714 materiaque
1309 629 1486 716 principibus

242 746 463 831 rescripsimus,
477 745 685 813 collaudantes
707 764 812 811 eorum
826 743 983 830 egregiam
999 744 1196 824 voluntatem,
1219 749 1254 811 ut
1272 765 1307 812 ex
1323 747 1487 812 nostrarum

242 863 283 929 ad
304 863 375 928 illos
397 863 571 928 litterarum
586 861 734 946 exemplis
757 860 913 946 intelliget
934 863 987 926 tua
1002 859 1131 940 dovotio,
1154 880 1251 945 neque
1273 881 1326 928 eos
1341 861 1486 928 demaine

242 977 411 1057 credimus,
441 977 516 1062 quin
544 976 687 1046 certatim
715 976 755 1043 ud
783 977 888 1043 tantm
909 975 1010 1042 laudis
1038 975 1319 1060 perticipationem,
1346 977 1488 1062 promissa

243 1093 440 1178 pecuniarum
455 1092 577 1172 auxilia,
600 1090 763 1160 conferant
809 1091 974 1176 Reliquum
989 1093 1037 1157 est
1059 1093 1094 1156 ut
1114 1091 1233 1159 devotio
1248 1095 1303 1159 tua
1317 1113 1390 1161 cunr
1404 1093 1489 1160 uasti

244 1209 359 1276 ordinis
382 1226 474 1277 causa
489 1211 607 1294 agatur,
631 1207 762 1291 explicet
783 1207 816 1275 in
831 1208 890 1276 hac
912 1207 1103 1292 expeditione
1126 1207 1318 1292 suscipienda
1332 1210 1431 1276 animi
1447 1209 1488 1274 sui

244 1323 487 1410 magnitudinem
507 1326 639 1409 agatque
653 1324 718 1390 Deo
740 1323 866 1409 matins,
889 1323 969 1408 quod
983 1341 1052 1389 eam
1067 1323 1106 1388 ad
1128 1323 1233 1390 tantm
1247 1323 1349 1390 laudis
1365 1325 1489 1392 fructxm

244 1441 425 1517 reservavit3
450 1439 503 1506 sed
525 1439 625 1506 omnis
647 1439 681 1506 in
703 1440 858 1507 celeritate
881 1459 950 1524 spes
973 1441 1029 1517 est,
1058 1437 1258 1522 nequeenim
1282 1441 1310 1505 si
1331 1439 1489 1514 differatur,

243 1557 365 1624 eosdem
387 1555 421 1622 in
436 1553 561 1622 Oriente
576 1555 699 1635 amiam,
722 1576 818 1641 neque
840 1554 968 1622 eandem
990 1553 1144 1622 habebitis
1159 1555 1356 1622 occasionem.
1392 1553 1488 1640 Signi·

244 1671 338 1739 ficunt
367 1670 450 1737 enim
473 1670 561 1738 nobis
594 1691 647 1755 per
670 1671 805 1751 litteras,
834 1689 910 1754 quas
933 1669 1069 1755 proxime
1091 1670 1130 1736 ab
1152 1669 1216 1735 illis
1244 1671 1398 1738 habemus
1420 1689 1489 1754 qua·

244 1806 371 1872 rumque
396 1786 569 1871 exemplum
591 1787 631 1852 ad
646 1805 699 1853 uos
714 1787 878 1867 mittimus,
900 1804 1084 1870 magnopere
1100 1785 1197 1852 uereri
1220 1805 1260 1866 se,
1283 1806 1323 1853 na
1337 1787 1490 1872 patefactis

245 1902 381 1971 consiliu
404 1903 527 1982 nostris,
550 1902 611 1986 ipsi
633 1922 703 1969 cum
718 1901 824 1968 liberis
847 1921 883 1970 ac
903 1900 1083 1986 coniugibus
1098 1901 1335 1968 immanissimis
1358 1902 1491 1969 hostibus

245 2019 285 2085 ad
307 2018 475 2087 cruciatum
498 2036 533 2084 ac
562 2016 746 2101 supplicium
776 2017 994 2103 relinquantur.
1040 2016 1169 2102 Ideoque
1198 2017 1329 2084 summis
1359 2020 1492 2103 precibus

244 2135 353 2219 potsunt
375 2136 411 2200 ut
433 2135 487 2199 aut
503 2132 692 2201 occasionem
714 2133 758 2200 rei
775 2132 973 2217 perficiendae
988 2132 1180 2220 arripiamus,
1202 2135 1257 2198 aut
1271 2135 1491 2219 quamprimum

245 2248 461 2334 significemus,
491 2267 548 2314 nos
571 2266 639 2314 eam
663 2267 768 2316 curam
790 2248 952 2328 abiecisse,
983 2266 1041 2333 quc
1065 2267 1098 2313 se
1120 2267 1154 2314 ex
1184 2248 1322 2314 hostium
1351 2250 1492 2327 fandbns

243 2364 377 2431 maximo
399 2364 540 2450 periculo,
563 2363 654 2448 atque
676 2363 895 2449 indignissima
925 2363 1071 2430 servitute
1093 2363 1243 2448 paulatim
1272 2365 1393 2448 possint
1423 2367 1491 2432 suo

243 2479 359 2560 ducere,
382 2481 580 2565 quamobrem
602 2479 720 2546 cessem
737 2480 823 2545 tuam
838 2478 1029 2564 requirimus,
1053 2497 1088 2544 ac
1108 2497 1276 2560 monemus,
1298 2501 1337 2547 ne
1351 2482 1429 2548 uelit
1443 2501 1493 2548 nos

243 2597 296 2682 qui
317 2595 409 2663 huius
431 2595 551 2681 negocii
571 2593 815 2679 procurationem
838 2595 918 2679 apud
933 2593 1093 2680 principes,
1109 2595 1204 2662 vestm
1225 2596 1424 2680 potissimum
1446 2616 1492 2663 or·

243 2712 324 2779 dinis
339 2730 442 2779 amore
464 2711 557 2791 ducti,
574 2709 771 2795 suscepimus,
794 2709 891 2777 videri
905 2712 959 2776 aut
973 2709 1007 2777 in
1021 2709 1101 2776 hauc
1124 2729 1209 2794 spem
1223 2709 1333 2778 lexiter
1347 2712 1492 2785 uocaus

242 2829 296 2894 aut
318 2828 440 2894 tantum
462 2824 647 2893 christianae
669 2825 852 2909 reipublicae
881 2824 1076 2892 commodum
1098 2826 1276 2910 neglexisse.
1321 2828 1379 2894 list
1400 2829 1491 2894 etiam

242 2943 332 3010 dev.¹1¹
357 2945 428 3009 tuae
451 2943 599 3009 memoria
620 2942 819 3026 repetendum
840 2941 874 3008 in
897 2941 1015 3027 quibus,
1047 2941 1229 3027 quantisque
1257 2944 1401 3027 periculis
1424 2965 1490 3010 uer·

242 3061 327 3126 satus
350 3058 393 3124 sit
415 3059 446 3125 et
468 3057 604 3126 versetur
627 3057 726 3124 adhuc
755 3057 827 3126 ordo
851 3059 951 3125 vester
973 3058 1012 3124 ob
1034 3057 1207 3142 principum
1235 3058 1412 3142 discordias,
1442 3061 1493 3146 qui

241 3175 268 3241 si
283 3176 323 3240 ab
345 3174 441 3240 altero
456 3192 562 3240 eorum
576 3172 755 3239 labefactari
769 3173 901 3257 coeperit
914 3161 1050 3240 universi
1072 3172 1193 3238 ruinam
1208 3175 1352 3260 consequi
1373 3195 1493 3242 necesse

240 3292 288 3356 est
309 3291 344 3355 nt
366 3289 501 3374 apertius
525 3309 595 3356 cum
618 3287 724 3356 eodem
747 3289 782 3355 tr.
799 3289 934 3356 Antonio
958 3307 1065 3356 sumus
1087 3289 1190 3369 locuti,
1212 3291 1353 3356 nostrum
1375 3293 1423 3357 ast
1437 3291 1492 3356 hoc

240 3405 404 3473 consilium
432 3406 476 3485 ut,
506 3404 632 3471 temetsi
655 3403 767 3471 Caesar
796 3405 841 3471 ita
864 3403 1035 3472 oratoribus
1058 3405 1168 3472 vesnia
1190 3406 1347 3490 respondit
1369 3407 1404 3473 ut
1424 3405 1492 3472 Me·

238 3522 313 3588 litae
333 3521 453 3588 inertiae
475 3519 657 3588 obtinendae
674 3541 761 3605 spem
776 3521 894 3588 nullam
911 3520 1076 3602 videamus,
1099 3523 1204 3588 tamen
1225 3521 1265 3588 ud
1280 3522 1492 3590 occultandum

238 3638 401 3707 consilium
431 3636 625 3721 profectionis
656 3635 696 3702 ad
726 3643 800 3704 seam
824 3636 1047 3721 expeditionem
1076 3639 1279 3721 opportunum
1309 3638 1352 3704 sit
1374 3637 1493 3722 vulgari

236 3754 429 3822 devotionem
450 3754 538 3818 tuam
560 3751 768 3832 constituisse,
801 3771 871 3818 cunr
900 3751 1036 3837 primum
1057 3769 1110 3835 per
1133 3752 1206 3818 sunni
1228 3753 1350 3838 tempus
1379 3754 1492 3830 licebit,

237 3867 378 3936 Melitam
400 3888 470 3934 cum
501 3867 642 3934 universo
664 3868 814 3936 conventu
844 3867 989 3951 navigare
1011 3865 1201 3952 interimque,
1232 3887 1353 3936 summo
1383 3869 1491 3946 sardic,

237 3984 366 4050 classem
381 3984 471 4051 rebus
487 3983 630 4050 omnibus
645 3983 685 4049 ad
699 3983 879 4051 orientalem
894 3981 1121 4067 navigationem
1136 3982 1294 4064 menoare,
1317 3984 1490 4052 hominem·

235 4119 293 4184 que
315 4119 386 4168 cum
408 4099 522 4168 nostris
545 4099 660 4166 litteris
683 4100 721 4165 ad
745 4097 906 4166 Caesarem
928 4097 968 4164 ad
990 4097 1285 4165 christianissimum
1306 4099 1346 4164 ad
1361 4099 1492 4185 Angliaa

236 4219 268 4283 et
289 4217 328 4282 ad
351 4217 559 4301 Portugalliae
582 4235 671 4302 reges
694 4216 827 4296 mittere,
857 4215 911 4301 qui
933 4215 977 4280 eis
1001 4213 1162 4299 significet,
1192 4234 1247 4281 vos
1270 4214 1309 4281 ad
1332 4215 1490 4283 orientalis

235 4332 354 4415 negocii
375 4333 581 4400 executionem
603 4333 702 4418 primo
724 4331 885 4416 appetente
908 4349 976 4398 vere
998 4329 1205 4416 navigaturos,
1228 4332 1319 4416 atque
1341 4331 1433 4400 etiarn
1457 4331 1491 4399 in

237 4443 394 4514 Orientem
416 4465 470 4512 sen
492 4448 618 4514 fratrem
640 4448 809 4516 Antonium
833 4465 894 4528 seu,
922 4445 950 4512 si
971 4445 1038 4531 ipse
1059 4464 1121 4514 non
1142 4447 1249 4531 possit,
1277 4447 1406 4518 eundem
1433 4447 1490 4532 qni
