3152 4902
745 219 989 286 -126-

239 413 365 497 perfidia
387 413 549 498 inquinati,
580 416 699 481 vetusta
722 415 847 480 ecclesie
871 415 1060 480 sacramenta
1082 416 1114 481 et
1143 414 1235 480 fidem
1259 413 1371 480 sinceri
1391 415 1479 481 cultus

239 530 363 608 Christi,
386 548 447 595 non
469 529 558 594 modo
581 529 762 613 transgredi,
786 529 839 595 sed
860 530 964 613 palam
986 530 1080 594 etiam
1103 530 1319 614 reprehendere
1341 533 1373 596 et
1395 550 1479 616 oppo-
1570 563 1571 588 r

239 664 334 730 gnare
363 645 484 725 audent,
514 665 642 728 quorum
671 645 815 730 impietas
845 645 939 710 etiam
967 646 1038 710 aliis
1068 647 1169 729 potest
1197 665 1264 711 esse
1296 649 1482 712 nocumento:

240 759 326 842 Quod
350 737 404 826 nos
428 760 657 844 aegreferentes,
680 779 750 826 cum
765 779 914 826 memores
936 760 1033 826 simus
1049 761 1122 844 quid
1144 761 1482 845 circumspectionibus

239 897 330 962 super
350 877 400 942 bis
424 875 595 942 dederimus
619 876 785 956 facultatis,
809 895 844 940 ac
866 875 904 941 de
926 877 979 942 tua
1001 877 1114 942 virtute
1136 878 1168 942 et
1189 876 1352 961 pmdentia
1375 881 1481 962 storga

239 1012 396 1058 summum
425 991 525 1057 Deum
554 991 701 1076 religione
730 991 844 1074 optime
874 991 1051 1070 sentiamus,
1082 991 1234 1058 voluimus
1257 995 1287 1057 te
1312 993 1410 1058 denuo
1438 1013 1482 1076 per
1571 1055 1572 1079 p

238 1109 296 1174 has
319 1108 439 1174 litteras
461 1107 592 1185 hortari,
623 1109 658 1173 ut
681 1105 816 1174 studium
846 1126 882 1172 ao
904 1107 1097 1192 diligentiam
1127 1107 1270 1174 adhibere
1295 1110 1403 1188 velles,
1431 1127 1481 1193 quo

239 1225 296 1291 bec
318 1225 405 1290 tanta
434 1223 520 1289 labes
551 1225 650 1289 rectae
679 1222 837 1308 religionis
860 1223 893 1288 iu
921 1223 966 1288 eis
988 1223 1063 1288 locis
1093 1223 1296 1308 extinguatur,
1326 1224 1483 1308 inquibus

239 1359 310 1406 cum
332 1341 407 1406 talis
421 1339 536 1405 femina
558 1338 641 1404 omui
657 1337 770 1405 virtute
791 1339 823 1404 et
845 1338 958 1423 pietate
975 1339 1114 1422 prostans
1137 1341 1225 1422 gerat
1246 1341 1278 1405 et
1300 1339 1413 1405 babeat
1435 1357 1481 1423 po·

239 1457 392 1536 testatem,
415 1474 476 1522 non
491 1473 653 1540 possumus
676 1454 816 1520 dubitare
840 1455 922 1521 illius
945 1455 1079 1520 instante
1102 1454 1290 1534 auctoritate,
1320 1457 1375 1520 tua
1395 1455 1481 1520 iuter·
1572 1505 1573 1538 ;

239 1573 379 1640 veniente
402 1589 474 1637 cura
496 1573 527 1637 et
550 1569 764 1649 sollieitudine,
787 1570 862 1655 quin
883 1569 987 1636 omnia
1010 1569 1073 1635 sint
1094 1569 1198 1634 futura
1220 1569 1260 1634 ad
1274 1569 1333 1634 Dei
1355 1573 1387 1635 at
1408 1569 1481 1634 anti·
1572 1557 1573 1564 ἶ

240 1707 316 1774 quae
339 1687 410 1753 fidei
431 1687 577 1754 honorem
600 1705 636 1751 ac
657 1685 883 1751 observantiam
906 1685 1009 1751 facilia
1031 1687 1121 1770 atque
1144 1704 1247 1770 prona,
1270 1704 1332 1751 non
1354 1685 1482 1752 enimin

240 1804 328 1870 nobis
350 1803 455 1870 cadero
478 1804 579 1888 potest
601 1801 666 1867 ulia
689 1800 840 1868 dubitatio
855 1801 943 1867 illam
966 1801 1061 1867 tantis
1085 1800 1182 1866 aDeo
1205 1801 1292 1866 donis
1316 1805 1348 1868 et
1370 1803 1481 1868 dotibus

239 1921 379 1986 ornatam
401 1919 570 1997 mulierem,
594 1937 670 2002 quae
685 1917 750 1984 suis
773 1917 938 1983 virtutibus
962 1917 1098 1982 omnium
1115 1935 1239 1982 suorum
1260 1919 1412 1984 maiorum
1426 1918 1481 1983 rir-

239 2037 321 2101 tutes
353 2035 550 2119 representat
582 2033 827 2117 posthabitumm
850 2033 978 2098 tutelam
1009 2034 1040 2098 et
1068 2031 1273 2099 defensionem
1306 2033 1482 2100 christianas

240 2151 397 2236 religionis
420 2151 485 2215 eius
508 2169 566 2232 que
588 2166 607 2213 a
630 2147 746 2232 Spiritu
770 2147 881 2214 Sancto
910 2167 1095 2232 parmenus
1122 2149 1298 2214 sauctorum
1329 2153 1482 2232 patruma
1573 2135 1574 2160 ¹

240 2268 287 2331 tot
308 2265 371 2332 mm
395 2265 506 2331 seculis
528 2265 650 2347 accepta
672 2266 704 2329 et
726 2264 853 2346 probata
875 2263 929 2328 est.
976 2259 1075 2344 Quare
1099 2267 1129 2329 te
1145 2263 1202 2328 bac
1225 2283 1277 2348 spe
1299 2263 1444 2330 fidentem
1457 2267 1483 2327 et

240 2400 296 2466 ope
318 2382 376 2447 Dei
399 2400 434 2446 ac
456 2382 561 2446 nostra
590 2379 770 2444 auctoritate
799 2379 911 2462 tuaque
941 2377 1053 2444 virtute
1082 2379 1238 2444 armatum
1267 2379 1340 2444 dare
1370 2397 1482 2447 omnem

240 2515 362 2580 operam
385 2496 535 2576 volumus,
557 2495 593 2562 ut
621 2513 725 2561 eorum
748 2494 801 2578 qui
823 2493 1029 2560 ministerium
1058 2494 1115 2559 boc
1137 2513 1264 2577 pravum
1287 2496 1320 2560 et
1341 2495 1483 2579 psmioio-

242 2632 311 2677 sum
333 2611 544 2695 corrumpendi
567 2609 703 2694 puriores
726 2610 845 2675 animas
862 2607 1014 2676 Sathenae
1029 2611 1164 2692 prebent
1189 2611 1287 2675 scelus
1309 2613 1402 2696 atque
1422 2629 1484 2694 por-

241 2726 314 2793 fidia
337 2729 390 2792 aut
413 2746 466 2811 per
488 2725 689 2809 penitentiam
712 2724 816 2790 delicti
839 2724 877 2789 ad
900 2723 1064 2790 sanitatem
1087 2725 1287 2803 eonvertatur,
1315 2727 1371 2790 aut
1391 2724 1484 2810 dignis

242 2842 400 2928 suppliciis
423 2841 607 2921 cohibeatur,
637 2841 670 2906 in
692 2859 751 2924 quo
774 2839 1053 2924 circumspectionis
1084 2842 1153 2906 tuae
1177 2839 1314 2906 studium
1337 2843 1369 2907 et
1390 2859 1483 2906 curam

242 2962 273 3024 et
289 2959 352 3024 Deo
375 2961 406 3023 et
428 2957 516 3023 nobis
532 2958 672 3022 volumus
694 2957 848 3021 inservire.
895 2957 1009 3020 Datum
1025 2957 1139 3020 Romae
1162 2959 1217 3022 etc.
1241 2955 1289 3021 die
1305 2957 1362 3022 ni.
1379 2954 1484 3040 Aprilis

244 3075 361 3139 mdrrv.
407 3075 496 3138 Anno
520 3072 658 3138 secundo.

843 3332 896 3396 94.

659 3495 834 3556 Dominae
856 3497 1083 3568 Margaritae.

333 3652 453 3718 Dilecta
482 3652 515 3718 in
537 3650 658 3715 Christo
689 3649 753 3714 tilia
782 3653 837 3716 etc.
884 3649 926 3714 Er
958 3649 1079 3732 regione
1109 3649 1290 3716 Hollandiae
1319 3654 1351 3716 et
1379 3651 1480 3715 circam

244 3767 453 3834 adiacentibus
482 3767 570 3846 locis,
600 3765 633 3830 in
662 3765 772 3850 quibus
802 3768 872 3830 tuae
902 3764 1074 3831 nobilitatis
1104 3767 1240 3849 potestas
1269 3767 1300 3832 et
1330 3763 1482 3832 auotoritas

245 3903 366 3949 summa
388 3886 444 3962 est
473 3881 606 3966 quotidie
629 3880 669 3946 ad
691 3899 746 3945 nos
769 3880 944 3946 deferuntur
973 3880 1112 3963 querelae
1142 3881 1287 3946 adversus
1316 3882 1483 3965 complures

245 3999 297 4084 qui
320 3999 385 4064 eius
414 4016 490 4084 quae
519 4016 599 4063 nune
620 3996 823 4062 debacchatur
851 3997 990 4061 hereseos
1021 3995 1148 4079 perfidia
1176 3996 1344 4080 inquinati,
1374 3997 1482 4062 uetusta

244 4115 369 4180 ecclesie
392 4115 581 4179 sacramenta
604 4111 748 4178 attidem
779 4111 888 4177 sinceri
917 4111 1017 4176 cultus
1042 4109 1165 4191 Christi,
1195 4131 1256 4177 non
1278 4112 1368 4178 modo
1390 4115 1481 4178 trana-

244 4229 339 4316 gredi,
362 4229 415 4296 sed
437 4229 540 4314 palam
562 4227 657 4294 etiam
672 4226 888 4310 reprehendere
910 4229 942 4292 et
957 4244 1132 4311 oppugnare
1146 4226 1267 4306 audent
1290 4247 1415 4312 quorum
1428 4225 1481 4290 im·

244 4345 342 4430 pietas
365 4345 460 4410 etiam
482 4343 553 4408 aliis
575 4343 675 4426 potest
698 4361 764 4406 esse
788 4343 983 4417 nocumento;
1007 4361 1135 4428 cumque
1157 4362 1213 4408 uos
1236 4343 1273 4409 de
1296 4345 1396 4410 nobes
1421 4345 1481 4406 bne
