3128 4908
569 272 812 340 ,235-

80 463 124 531 illo
141 463 246 533 nostris
271 465 359 532 etex
382 464 447 534 eius
469 465 582 537 litteris
612 468 747 538 nostrum
771 467 943 542 benivolam
966 469 997 536 et
1019 469 1058 536 ad
1080 469 1238 544 commoda
1261 472 1314 538 tue

80 598 137 648 cun
157 579 264 652 honere
287 583 391 648 nostro
413 582 623 668 coniungenda
638 601 819 668 propensam
835 585 1022 654 voluntatem
1039 585 1202 672 intelliges.
1248 587 1311 652 Ro·

79 713 135 763 neo
155 695 202 764 xii.
219 694 300 764 Julii
321 697 452 764 mdxnri
497 699 586 768 Anno
609 700 707 766 tertio.

153 927 228 1012 Regi
249 929 516 999 christianissimo.
532 969 575 978 -
592 933 637 998 De
660 931 707 998 Jo.
731 931 888 1016 Stuphileo
912 932 951 1000 od
973 933 1133 1002 ecclesiam
1148 935 1313 1005 Doleusem

78 1043 270 1127 promouendo,
294 1045 358 1112 loco
373 1047 528 1117 Francisci
550 1047 587 1114 de
602 1049 718 1119 bouelt
763 1049 820 1117 xiv.
836 1047 914 1119 Julii
930 1049 1059 1122 mlxxvi
1105 1051 1194 1121 duno
1214 1051 1312 1121 tertio.

655 1311 727 1376 181.

569 1475 803 1536 Helvetiis.

152 1627 263 1696 Dilecti
278 1629 345 1696 filii.
375 1628 596 1696 Existimsmus
611 1630 821 1698 devotionibus
838 1632 947 1698 vestris
963 1631 1101 1719 cognitas
1123 1653 1191 1702 esse
1205 1653 1313 1700 musas

74 1765 140 1830 quae
161 1766 224 1824 nos,
247 1747 381 1814 multum
403 1731 587 1815 reluctantes
610 1749 641 1812 et
656 1747 694 1814 ab
717 1748 801 1814 omni
823 1767 978 1819 armorum
994 1749 1120 1818 oonsilio
1141 1749 1232 1840 longe
1255 1751 1312 1819 ab·

74 1861 226 1944 bonontes,
249 1861 289 1928 ad
303 1863 370 1946 ipse
386 1865 489 1933 tamen
512 1863 586 1932 belli
601 1863 727 1935 crema
750 1883 827 1949 quae
842 1863 1035 1952 fugiebamus
1050 1867 1220 1936 nsoesmris
1239 1866 1313 1934 ede·

73 1981 179 2061 gemus
223 1979 306 2046 Nam
330 1981 361 2046 et
381 1998 401 2048 a
424 1980 536 2048 metris
560 1981 591 2048 et
613 1999 632 2045 a
655 1985 745 2052 cer.e¹
762 1981 794 2051 in
814 1979 935 2053 Christo
958 1981 1017 2050 filii
1039 1983 1137 2052 nortui
1158 1983 1314 2055 hamisei

74 2095 144 2178 regis
158 2096 341 2168 mmmmm
356 2094 607 2174 christianissimi
621 2098 783 2182 agmtibus
797 2099 830 2166 et
843 2097 973 2178 nunciis,
988 2116 1041 2166 voe
1057 2099 1133 2166 beno
1147 2099 1314 2174 memores

75 2210 156 2278 tuisse
177 2230 238 2281 nen
261 2209 453 2288 dubitamus
476 2211 556 2296 quod
578 2212 673 2283 otiam
695 2213 807 2283 certius
832 2214 921 2282 nobis
944 2215 993 2283 eet
1015 2213 1095 2303 quod
1116 2215 1184 2300 ipso
1206 2214 1314 2286 effectu

74 2327 278 2409 cognoscimus,
301 2327 388 2395 uobis
403 2345 463 2396 non
487 2328 586 2394 solnm
601 2328 724 2399 audites
747 2327 800 2398 sed
815 2330 911 2396 etiem
934 2331 1079 2413 pmbatas
1094 2331 1191 2398 fuisse
1206 2349 1313 2402 musae

75 2436 256 2516 necessitatis¹
273 2445 403 2510 nostroe.
449 2444 494 2512 lle
517 2445 599 2515 eninr
626 2445 799 2514 mimorum
828 2445 1069 2537 promptitudine
1100 2465 1134 2513 eo
1164 2465 1312 2516 consensu

76 2559 251 2628 voluntatum
275 2559 363 2626 uobis
384 2561 417 2626 et
440 2559 506 2626 sedi
527 2561 710 2645 apostolieae
738 2580 773 2628 ec
796 2562 890 2628 saluti
912 2563 944 2629 et
966 2561 1105 2630 libertati
1126 2563 1236 2644 Italiae
1258 2583 1311 2630 ue·

75 2675 157 2743 suam
179 2695 266 2760 opem
289 2675 495 2762 auxiliumque
510 2677 675 2756 obtulistis
698 2679 733 2742 ut
755 2678 788 2747 io
804 2678 889 2745 uobis
912 2678 1076 2762 pristinam
1098 2681 1233 2748 vestam
1248 2681 1311 2746 vir·

75 2791 159 2859 tutem
180 2795 210 2858 et
238 2811 309 2859 cum
339 2790 445 2858 eadem
473 2790 584 2860 Sancte
608 2791 685 2860 Sede
714 2794 959 2864 coniunctionem
989 2814 1200 2880 recognoscere
1221 2797 1314 2867 bresit

75 2905 185 2976 licitum
229 2907 321 2976 Nunc
336 2908 410 2974 baec
432 2908 471 2974 ad
487 2928 539 2976 uos
562 2909 724 2982 scribimus
741 2910 808 2978 burn
831 2912 865 2976 ut
887 2929 1016 2996 mamers
1032 2912 1118 2980 uobis
1141 2932 1195 2996 pro
1211 2912 1312 2978 strndio

75 3025 160 3088 rastro
174 3043 245 3110 erga
260 3025 374 3090 bonum
384 3023 492 3093 Italiae
507 3025 633 3110 gratias,
649 3027 716 3092 tum
731 3027 937 3095 attentemur
952 3029 987 3092 ut
999 3027 1082 3112 quod
1096 3027 1266 3098 iustissime
1282 3029 1313 3094 ot

75 3139 296 3218 prudentissime
311 3139 426 3206 euobis
434 3139 638 3211 dileberabnm
647 3143 702 3220 est,
717 3141 751 3208 in
760 3144 878 3225 partem
888 3142 979 3210 huius
989 3145 1021 3208 et
1035 3143 1135 3210 oneris
1150 3144 1312 3211 ethonorie

76 3254 160 3322 renim
175 3277 266 3340 quem
283 3256 418 3338 primum
434 3256 591 3322 studeatis.
616 3255 702 3336 Quod
719 3257 1026 3343 studioseutrumquo
1041 3259 1179 3338 tacimus,
1195 3279 1267 3328 nam
1283 3261 1314 3326 et

75 3369 157 3436 virtus
170 3374 271 3438 vestra
287 3372 421 3455 gratim
437 3373 553 3439 anobis
567 3373 678 3438 merite
693 3374 749 3450 est,
766 3375 797 3438 et
807 3374 911 3440 eedem
923 3373 1116 3440 conficiendis
1126 3375 1201 3441 bene
1216 3375 1312 3460 ceptis

75 3485 149 3551 rebus
163 3488 328 3554 admodum
342 3489 390 3553 est
399 3489 563 3570 expectate.
587 3485 674 3568 Quod
690 3488 717 3555 si
727 3489 857 3555 uelimus
873 3490 989 3556 bellum
1004 3490 1084 3574 quod
1099 3509 1153 3575 pro
1167 3492 1272 3558 nostra
1281 3493 1313 3558 et

75 3599 133 3664 Stes
146 3602 229 3670 Sedis
244 3603 428 3688 apostolicae
444 3603 616 3683 securitate,
635 3624 689 3688 pro
704 3604 884 3671 liberatione
900 3608 931 3672 et
947 3605 1045 3674 seluto
1061 3607 1178 3688 ltaliae,
1194 3605 1311 3692 prode·

75 3716 195 3795 pellenda
208 3719 322 3786 iniuria
331 3721 479 3802 qnantum
494 3719 528 3784 in
537 3720 625 3788 nobie
636 3721 698 3786 erit
707 3739 784 3805 qaue
794 3720 967 3804 supradicte
981 3722 1047 3806 rogi
1055 3722 1312 3790 ebristienissimo

76 3831 189 3902 foderato
203 3837 308 3901 nostro
332 3837 362 3902 et
378 3835 466 3900 iliata
482 3836 570 3902 entes
586 3837 634 3902 est
648 3839 680 3901 ot
695 3853 775 3902 neno
789 3835 927 3917 infertur,
951 3839 1148 3922 suscepimus,
1164 3839 1257 3906 etiem
1274 3837 1312 3904 ad

75 3950 435 4020 emmeramensem
451 3950 794 4036 tentissimaeuobisque
804 3952 1023 4020 dilectissimae
1038 3953 1171 4020 nationis
1181 3954 1312 4023 salutem
1445 4012 1448 4021 ,

75 4066 100 4127 ct
112 4067 299 4135 romeam
312 4068 489 4154 susceptum
503 4067 599 4139 fuisse
614 4067 779 4146 ostendere,
804 4067 893 4141 facile
908 4069 940 4140 ist
954 4069 1077 4152 quidem
1094 4069 1143 4150 sil,
1166 4069 1205 4136 iis
1229 4069 1311 4139 onim

75 4179 117 4262 qui
129 4181 221 4254 uices
235 4182 367 4270 impen'a
385 4183 417 4249 et
433 4183 532 4250 status
549 4185 615 4251 tem
631 4183 762 4254 libenter
776 4185 808 4251 et
822 4185 888 4256 tarn
902 4185 991 4254 facile
1006 4185 1218 4272 opprimebant
1231 4184 1309 4250 sibi-

75 4312 122 4376 que
135 4299 318 4386 mmmmm
334 4317 392 4382 quo
408 4299 505 4392 maior
519 4300 746 4386 relinquebatur
761 4300 892 4372 nense
907 4300 1138 4390 quoduolebent
1151 4299 1311 4378 efficiendi,

76 4407 121 4476 loc
134 4411 169 4480 ed
182 4414 269 4498 plura
285 4415 318 4481 et
340 4414 456 4485 maiora
473 4433 592 4508 semper
615 4414 846 4504 opprimendum
865 4415 1165 4488 commessurus.
1211 4416 1310 4485 Aucta
