3152 4902
809 253 1054 320 ..140-

302 447 405 533 magis
426 449 550 532 propter
563 447 749 514 desidorium
770 449 864 533 pseis,
886 449 992 514 hules
1006 451 1037 514 et
1055 447 1214 534 benignos,
1237 448 1423 515 conditiones
1436 448 1527 517 brlisse

301 584 395 648 quam
416 567 539 649 propter
559 565 775 630 difficultatem
797 565 1005 631 sonditisnum
1027 565 1096 648 pesi
1117 565 1220 630 losum
1242 585 1302 631 nsn
1324 564 1474 650 reliquisse
1492 563 1527 628 ri·

302 679 399 746 dssre
445 681 510 747 lise
532 681 675 766 petimus
697 681 754 746 lrse
776 681 943 758 hortamur,
971 701 1069 765 neque
1091 681 1175 747 dubii
1200 700 1315 759 summ,
1337 683 1368 746 te
1390 680 1429 746 ad
1448 679 1527 746 omnis

301 797 440 863 liberalis
462 800 494 862 et
515 797 651 862 hnmana
678 800 855 881 promptum
883 816 958 863 esse
1005 795 1065 862 Sed
1086 799 1122 863 ut
1144 799 1197 863 tue
1227 798 1382 881 praeclare
1410 797 1528 863 memln

302 933 357 980 aua
379 913 516 979 bonitate
537 915 569 979 et
590 914 741 980 sententie
763 915 942 998 permaneat
954 913 1158 997 dopresemur.
1203 911 1303 979 Nemo
1317 933 1450 998 unquam
1462 912 1529 997 priu-

301 1049 372 1113 seps
386 1029 454 1105 luit
476 1029 530 1114 qui
543 1030 660 1096 maiora
674 1031 804 1096 senserit
825 1047 898 1114 erga
921 1048 954 1094 se
967 1029 1027 1096 Dei
1041 1029 1260 1113 omnipotentis
1281 1029 1446 1113 penoris
1458 1045 1529 1114 quen

302 1149 423 1230 experte
446 1149 494 1212 est
516 1151 613 1211 seih·
634 1147 702 1222 tue;
732 1146 787 1212 sed
815 1165 905 1212 nems
927 1145 1022 1211 etiam
1044 1145 1147 1212 extitit
1170 1163 1306 1230 unquam
1328 1146 1382 1230 qui
1403 1145 1530 1212 illustris
1568 1145 1569 1148 ’

302 1281 367 1329 rem
390 1262 579 1329 ssessionem
599 1262 741 1328 habuerit
755 1261 928 1328 referendae
949 1262 998 1327 illi
1019 1261 1145 1346 gratiae.
1191 1259 1313 1327 Ssimm
1329 1280 1386 1328 nos
1408 1265 1439 1328 et
1454 1263 1531 1328 teste-

300 1399 385 1457 mur,
415 1381 446 1444 et
467 1377 559 1444 redes
581 1381 613 1443 et
642 1397 802 1464 sponsores
830 1378 964 1444 intorte
986 1377 1140 1444 etDeum
1168 1395 1236 1443 esse
1264 1378 1416 1455 volumus,
1445 1377 1532 1443 situ

301 1495 481 1572 securitate
509 1495 541 1560 et
569 1495 732 1560 elementia
760 1495 810 1560 his
845 1494 994 1560 lustussis
1022 1493 1211 1578 temporibus
1247 1493 1451 1560 constituetur
1482 1512 1532 1576 psa

299 1611 421 1676 nullum
435 1629 571 1696 unquam
592 1610 760 1696 prinoipem
775 1613 807 1676 et
828 1629 933 1695 regem
955 1609 1085 1688 nullum,
1108 1611 1163 1675 aut
1176 1609 1278 1675 maius
1293 1610 1471 1696 obsequium
1483 1609 1532 1674 us
1569 1653 1570 1658 κ

300 1727 500 1811 praestitisse
529 1727 583 1792 sut
604 1725 668 1793 ulls
696 1728 832 1810 tempore
853 1745 921 1792 esse
949 1727 1183 1810 praestaturum,
1213 1725 1368 1810 sorpimur
1396 1725 1534 1810 paulstin,

301 1843 517 1922 concludimur,
539 1842 573 1909 in
587 1843 747 1928 augustias
762 1843 943 1927 redigimur:
965 1843 1058 1926 atque
1080 1861 1116 1908 er
1138 1841 1209 1908 orbe
1231 1841 1383 1908 terrerum
1405 1841 1535 1908 universo.

300 1959 353 2044 qui
375 1959 436 2026 lere
458 1959 542 2026 totus
564 1958 726 2043 aliqnando
747 1958 814 2043 rogi
835 1977 943 2042 regum
965 1955 1087 2023 Christo
1108 1957 1185 2024 Jssu
1208 1957 1354 2023 salvatori
1377 1959 1534 2039 nsstrope·

299 2075 370 2155 ruit
392 2075 426 2142 in
447 2077 510 2140 tres
532 2075 582 2140 rel
604 2076 733 2158 quatuor
753 2073 990 2141 christianitatis
1019 2073 1190 2158 provincias
1212 2073 1327 2158 repulsi
1356 2076 1389 2140 ot
1409 2071 1538 2140 oomshti

300 2210 415 2268 eumue,
438 2209 514 2274 quse
536 2191 619 2256 soleo
633 2191 752 2256 restent
772 2191 925 2276 integram
948 2189 1028 2255 alise
1050 2192 1104 2254 eut
1127 2189 1329 2274 penitust
1352 2189 1538 2256 rebellarunt:
1570 2201 1571 2222 ³

300 2307 354 2372 eut
375 2305 480 2390 impiis
510 2305 602 2372 sestis
624 2307 657 2372 et
683 2305 842 2372 heresibus
872 2305 911 2370 ed
933 2303 1144 2371 rebellandum
1174 2307 1247 2371 sunt
1268 2305 1469 2390 propinquam
1495 2306 1537 2368 eut

299 2423 334 2490 in
355 2423 442 2489 tants
464 2421 597 2508 periculo
619 2423 804 2489 constitutae
826 2423 913 2501 aunt,
936 2424 972 2487 ut
993 2421 1081 2506 qussi
1103 2439 1158 2505 pro
1179 2419 1348 2506 desperetis
1370 2423 1404 2487 et
1424 2419 1539 2506 perdite

297 2539 475 2606 habeantur.
520 2535 677 2619 Quasnam
705 2557 889 2623 qmesumus
917 2539 1006 2604 lente
1033 2555 1090 2604 nos
1119 2537 1186 2622 egit
1214 2537 1377 2622 precipites
1410 2537 1469 2603 Dei
1495 2535 1538 2603 ire

299 2657 334 2721 ut
355 2657 474 2740 pestem
496 2657 528 2720 et
548 2655 708 2722 interitum
738 2657 877 2721 nostrum
900 2653 1026 2738 ipsimet
1054 2657 1311 2737 epprsporemss?
1339 2655 1540 2720 ssnrertamnr
1571 2649 1572 2652 ’

299 2771 338 2838 ed
360 2772 462 2856 ipsum
484 2771 667 2848 Dominum3
689 2773 721 2836 et
743 2790 814 2836 sum
835 2770 884 2836 illi
904 2770 968 2835 iras
991 2772 1022 2835 et
1043 2769 1172 2834 iniurias
1190 2771 1311 2835 assues
1333 2767 1539 2836 ssndsnessri·

298 2907 377 2965 mus,
400 2905 555 2970 speremus
578 2887 617 2952 ab
640 2903 674 2952 eo
696 2885 839 2972 ssnsequi
868 2884 1125 2961 miserissrdiem;
1154 2903 1232 2969 ques
1253 2887 1334 2952 certe
1361 2904 1423 2952 nsn
1448 2883 1539 2951 deant.

298 3003 327 3069 si
348 3002 398 3088 pie
419 3003 451 3068 et
472 3002 631 3068 humiliter
653 3003 745 3068 bresit
765 3002 870 3086 petite
916 3001 956 3066 ut
978 3001 1054 3066 haee
1071 3003 1175 3066 temen
1197 3001 1302 3067 omnia
1323 3002 1357 3067 in
1379 3021 1475 3068 manu
1496 3003 1540 3065 tue

297 3118 493 3203 potissimum
515 3117 562 3184 lili
584 3118 741 3184 serissime
771 3119 851 3183 sunt
896 3114 957 3197 Qui
981 3117 1009 3182 si
1031 3119 1061 3183 ts
1084 3117 1119 3182 nt
1133 3117 1323 3196 ssnlidimus‚
1345 3117 1384 3182 ed
1406 3119 1540 3184 construe

297 3235 381 3318 pesis
410 3233 573 3301 sensilium
602 3233 801 3312 converteris,
831 3236 920 3299 erunt
942 3234 994 3299 tus
1024 3232 1116 3298 dnstu
1145 3235 1177 3299 et
1199 3233 1326 3317 imperis
1356 3253 1418 3300 non
1448 3232 1541 3298 salves

298 3352 396 3417 aslum
412 3349 647 3416 christianitatis
670 3369 726 3430 ree,
750 3368 855 3416 rernm
877 3348 971 3414 etism
987 3347 1135 3415 florentes.
1174 3346 1245 3414 Nsn
1259 3348 1360 3414 minor
1381 3351 1430 3415 est
1451 3347 1543 3434 glorie

296 3487 417 3552 passere
439 3467 578 3533 hostibus
601 3466 737 3545 deustis,
760 3483 851 3550 quarn
874 3483 925 3531 ess
948 3464 1081 3540 vinsere;
1104 3463 1202 3548 pietas
1225 3466 1328 3531 eutem
1351 3467 1383 3530 et
1399 3465 1495 3530 virtus
1516 3472 1543 3528 st

297 3582 446 3668 sapientie
476 3583 574 3650 mults
597 3583 702 3660 maior,
725 3601 779 3666 prs
802 3579 926 3647 sselesti
947 3579 1076 3664 imperis
1100 3580 1177 3646 ferre
1201 3579 1291 3664 signs
1313 3580 1346 3645 in
1361 3579 1421 3645 Dei
1434 3580 1542 3654 hostie

296 3717 387 3783 quem
409 3719 464 3783 prs
486 3699 614 3765 terrenis
637 3699 726 3765 rebus
749 3696 929 3781 depugnare.
976 3693 1041 3761 Nos
1069 3697 1151 3761 <erte
1179 3695 1320 3762 ardentes
1342 3695 1542 3762 benivolentia

294 3815 430 3900 orgeto,
458 3815 490 3880 et
512 3813 613 3880 studio
641 3813 742 3881 laudis
764 3814 849 3889 tuee;
878 3830 914 3877 ee
943 3811 1132 3877 ssusnlimus
1160 3811 1333 3897 libiosae
1362 3811 1543 3878 arbitremur

296 3929 433 4010 seheri,
455 3929 610 4016 digniteh
625 3929 822 4015 amplitudini
836 3930 906 3994 tues
921 3926 1156 3992 essummsdete.
1201 3923 1281 4007 Quid
1297 3927 1448 3994 Dominus
1464 3927 1543 3992 Deus

295 4048 427 4132 appetet,
449 4045 643 4132 perspisuum
665 4048 722 4126 ost,
751 4045 872 4110 nullum
893 4042 1016 4128 quidem
1038 4041 1088 4108 illi
1109 4044 1157 4108 est
1179 4061 1253 4127 pase
1281 4043 1401 4127 gratius
1424 4045 1453 4109 et
1477 4043 1542 4126 ple·

294 4163 423 4230 sebilius
446 4162 637 4230 suentisium
682 4161 748 4228 Tne
770 4179 857 4226 mens
872 4159 936 4224 iem
958 4157 1091 4242 plurime
1113 4160 1144 4224 et
1159 4157 1331 4224 oleriseime
1354 4157 1444 4243 signe
1462 4157 1543 4222 dedit

295 4278 419 4346 virtutis
441 4279 473 4344 et
501 4277 659 4364 religionis
680 4276 714 4343 in
737 4295 894 4343 summum
915 4274 1016 4341 Deum
1044 4273 1193 4355 maxime,
1222 4292 1312 4340 nemo
1341 4276 1389 4340 est
1412 4273 1464 4358 qrri
1486 4291 1545 4338 non

294 4392 339 4460 ite
366 4393 522 4460 existimet
542 4395 574 4458 ot
602 4411 746 4478 personae
768 4395 800 4458 et
821 4389 984 4478 dignitatis
1015 4391 1085 4456 brae
1106 4389 1209 4476 ipsum
1239 4408 1306 4456 esse
1327 4389 1491 4474 patronum
1513 4402 1541 4454 et
