3132 4910
601 299 845 368 -377-

93 496 205 583 cupida
227 499 317 583 atque
340 496 448 563 ardens
472 495 620 563 serenitas
643 496 745 562 uestra
767 493 886 574 existat,
910 493 991 579 egris
1014 493 1045 559 et
1060 494 1235 560 labentibus
1257 495 1347 560 robus

93 615 194 700 plebis
217 615 409 694 christianae,
434 614 599 680 salutarem
622 631 748 678 manum
771 611 961 691 admouendi,
985 611 1078 676 simul
1096 611 1127 676 et
1141 612 1177 676 et
1192 610 1252 695 ipsi
1267 610 1347 676 Tur·

93 753 200 798 carum
225 731 347 830 tyranni
373 730 531 796 conatibus
563 729 771 796 sacrosanctae
795 727 867 794 fidei
896 729 1019 794 nostrae
1043 727 1215 794 saevissimi
1242 728 1349 806 hostis,

93 847 217 916 obsiaun
232 845 403 932 procedant,
419 864 454 912 ao
468 847 584 912 malum
602 846 666 926 boo,
683 844 761 930 quod
776 844 916 930 gentium
931 843 1167 910 christianarum
1182 843 1348 912 ceruicibus
1440 821 1446 847 ³

92 963 257 1030 imminere
271 963 373 1047 palam
389 960 609 1047 conspicamur,
625 962 789 1047 antequam
803 960 926 1046 longius
942 961 1051 1044 serpat,
1066 979 1102 1026 ac
1116 961 1270 1028 robustius
1286 961 1349 1041 hal,

92 1081 124 1146 in
155 1082 309 1165 tempore,
338 1099 355 1146 e
384 1077 484 1144 medio
515 1079 696 1145 sublevetur.
750 1055 851 1158 Quum
881 1076 986 1145 eadem
1016 1076 1163 1144 serenitas
1190 1079 1293 1145 reama
1314 1096 1348 1146 eo

93 1197 180 1283 regio
204 1199 236 1263 et
265 1195 381 1263 excelso
412 1193 454 1260 sit
476 1193 587 1274 animo,
618 1213 653 1260 ac
675 1194 860 1263 christianae
883 1194 1041 1280 religionis
1070 1195 1348 1278 observantissime,

94 1333 210 1400 nosque
226 1315 384 1398 propterea
406 1310 445 1376 ad
460 1309 696 1378 saluberrimum
719 1311 1008 1397 sanctissimumque
1030 1311 1088 1378 hoc
1102 1331 1186 1397 opus,
1209 1312 1248 1378 ad
1270 1312 1350 1397 quod

94 1451 149 1496 nos
174 1430 268 1496 antea
292 1427 397 1513 sponte
420 1445 511 1512 supra
534 1427 659 1494 modum
681 1428 820 1495 incensos
850 1447 925 1509 ease,
949 1428 1106 1495 serenitati
1126 1430 1246 1497 vestrae
1269 1431 1350 1496 certo

93 1565 278 1632 nemeaeum
294 1564 361 1612 esse
379 1545 528 1624 volumus,
551 1543 713 1612 adhortare
728 1564 763 1612 ac
785 1563 846 1611 non
862 1544 1025 1622 minimam
1046 1545 1080 1613 in
1095 1546 1183 1612 nobis
1207 1545 1350 1612 fiduciam

93 1681 240 1748 reponere
263 1661 389 1746 dignata
419 1659 519 1742 fuerit,
549 1679 601 1727 eas
624 1661 683 1727 sibi
714 1680 789 1746 quaa
819 1679 991 1747 pessuma,
1021 1663 1138 1747 gratias
1168 1663 1296 1748 publiea,
1319 1665 1351 1730 et

92 1779 244 1864 privatim
266 1780 298 1845 et
319 1777 441 1862 agimus
464 1777 495 1844 et
516 1777 674 1858 habemus,
698 1797 773 1863 quas
798 1778 859 1844 sibi
881 1779 985 1844 umen
1007 1779 1161 1847 uberiores
1184 1779 1351 1847 retribuere

93 1896 243 1982 dignetur
256 1894 319 1974 ille,
334 1893 386 1979 qui
400 1913 506 1959 rerum
516 1894 711 1960 eatrerarum
724 1894 894 1980 gratiarum
907 1895 1037 1980 largitor
1046 1893 1186 1962 Christus
1202 1897 1262 1980 opt
1272 1914 1352 1965 mar.

94 2011 161 2077 Nos
185 2029 267 2089 uero,
289 2009 437 2094 quantum
452 2008 486 2074 in
508 2009 596 2076 nobis
612 2009 680 2089 erit,
703 2010 799 2076 nichil
821 2010 886 2076 ulla
909 2029 944 2077 er
963 2011 1102 2096 partibus
1125 2012 1352 2097 pretermissum

94 2145 215 2206 sumna,
238 2143 296 2210 quo
317 2124 420 2192 minus
442 2124 585 2210 quicquid
608 2125 725 2192 uiribus
747 2126 848 2206 iunia,
871 2126 996 2193 consilio
1024 2126 1188 2211 providere,
1218 2129 1351 2195 auotori-

94 2244 160 2308 tale
176 2259 301 2308 monere
322 2240 499 2325 poterimus,
521 2240 553 2306 id
576 2259 665 2307 omne
680 2241 714 2308 in
729 2261 888 2308 comunem
912 2241 1096 2310 christianae
1118 2243 1275 2329 religionis
1298 2244 1352 2311 de·

94 2357 277 2436 tensionem,
306 2355 457 2422 alacribus
480 2357 592 2422 animis
615 2357 813 2440 conteramus,
843 2378 932 2444 quem
956 2357 994 2425 ad
1018 2357 1142 2426 modum
1165 2361 1197 2426 et
1219 2359 1350 2445 present'

93 2475 128 2540 in
152 2473 304 2539 conuentu
326 2490 458 2556 quonam
479 2471 513 2538 id
534 2474 622 2558 pacto
636 2473 768 2559 impigre
782 2473 849 2540 fieri
871 2475 980 2554 ualeat,
1004 2475 1112 2542 multia
1135 2493 1169 2542 ac
1185 2474 1278 2541 uariis
1297 2474 1351 2542 de·

93 2589 332 2658 liberationibus
348 2588 599 2666 conciliavimus
613 2607 707 2674 quum
722 2608 792 2657 vero
809 2590 887 2657 sacri
901 2590 1033 2658 Romani
1047 2591 1174 2676 Imperii
1189 2591 1355 2658 electorum

94 2707 273 2792 principum
288 2706 476 2772 aestatuum
490 2723 552 2771 non
574 2705 745 2773 communis
760 2705 930 2791 stagnantia
952 2725 1043 2791 supra
1067 2707 1180 2792 scripto
1195 2706 1355 2774 conventui

94 2822 282 2902 interfuerit,
305 2821 358 2888 ssd
380 2821 469 2905 pauci
491 2821 530 2886 ad
553 2821 677 2887 medum
699 2823 758 2888 hnc
781 2823 1006 2903 accesserimus,
1036 2842 1133 2907 neque
1161 2822 1228 2890 ideo
1250 2822 1355 2889 tantae

94 2942 214 3025 ianque
236 2936 416 3004 immodicae
439 2937 635 3004 sustinendae
657 2939 732 3005 moli
754 2939 889 3023 priuatas
918 2939 1040 3006 nostras
1064 2939 1144 3006 uires
1174 2939 1251 3004 satis
1281 2957 1354 3022 sup-

95 3057 182 3141 plere
212 3054 322 3120 memte
352 3054 549 3134 arbitremur,
579 3053 733 3120 decretum
762 3056 919 3139 propterea
948 3057 997 3121 est
1025 3055 1061 3121 ut
1089 3054 1254 3121 conuentus
1284 3053 1355 3120 uni-

95 3171 230 3239 versalis
253 3170 389 3236 omnium
414 3168 595 3236 Germaniae
617 3170 789 3256 principum
818 3189 853 3236 ae
876 3171 1013 3237 ominum
1035 3169 1068 3236 in
1090 3169 1164 3235 mbo
1187 3168 1356 3253 Ratispona

98 3289 150 3354 die
173 3287 274 3372 prima
290 3286 406 3371 Aprilis
428 3285 564 3370 proxime
580 3285 676 3352 buturi
692 3287 867 3366 celebretur,
883 3287 973 3371 atque
996 3285 1041 3352 ibi
1056 3285 1145 3352 unico
1160 3303 1195 3351 ac
1217 3283 1356 3351 concordi

97 3404 263 3470 universae
286 3401 377 3467 liuius
400 3401 521 3467 nostrae
543 3401 677 3468 nationis
700 3421 848 3468 consensu
872 3403 992 3468 matura
1007 3401 1225 3469 deliberatione
1246 3419 1356 3484 oppor-

99 3522 176 3585 tune
199 3517 405 3596 concludatur,
429 3535 561 3601 quanam
577 3517 693 3584 ratione
709 3518 834 3584 Turcico
858 3517 959 3596 ierom,
982 3518 1016 3584 in
1035 3536 1131 3602 genua
1147 3515 1358 3596 christianum,

100 3633 229 3719 perinde
252 3634 343 3717 atquc
365 3633 498 3699 atrocem
530 3634 651 3699 beluam
680 3633 857 3700 immaniter
887 3633 1061 3714 sementem,
1092 3651 1152 3700 non
1176 3633 1275 3700 solum
1299 3633 1355 3698 ob-

100 3751 243 3828 sistatur,
266 3767 370 3815 verum
387 3749 418 3814 et
433 3747 602 3814 coniunctis
618 3749 855 3816 christianorum
869 3749 986 3815 uiribus
1010 3748 1184 3815 eommunia
1197 3749 1231 3814 in
1246 3748 1359 3814 'lurcos

99 3865 187 3949 ipsos
211 3883 299 3929 arma
314 3865 462 3942 moveant,
486 3864 660 3949 bellumque
675 3884 735 3931 non
751 3865 840 3931 medo
856 3865 978 3931 illatum
993 3864 1193 3948 propulsetur,
1218 3861 1270 3928 sed
1286 3862 1357 3929 illo-

100 4001 173 4047 rum
197 3981 231 4047 in
254 3979 432 4063 provinciis,
462 3998 538 4063 quas
568 3980 764 4047 acerbissimo
794 3981 854 4064 ipsi
883 3981 954 4064 iugo
984 3979 1092 4045 multis
1122 3978 1184 4044 iam
1214 3976 1303 4042 annis
1325 3976 1359 4042 in

101 4097 227 4180 Europa
250 4113 409 4178 oppressas
436 4095 606 4174 tennemni,
638 4095 751 4161 summi
773 4096 832 4160 Dei
854 4093 966 4161 auxilie
996 4093 1154 4161 accedente
1176 4093 1286 4158 ultima
1308 4090 1358 4157 in-

101 4213 230 4290 feratur,
261 4230 350 4295 quem
380 4211 563 4276 conuentum
586 4209 745 4276 serenitati
769 4213 887 4277 vestrae
917 4210 977 4294 piis
1007 4208 1164 4275 affectibus
1189 4206 1360 4292 significare

102 4345 214 4412 operae
238 4325 371 4410 pretium
394 4324 544 4404 duximus,
568 4326 704 4393 volentos
720 4325 920 4393 nihilominus
943 4325 1123 4392 conventum
1139 4322 1309 4406 predictum
1324 4321 1361 4388 de

104 4440 284 4512 serenitatis
298 4441 414 4510 vestrae
430 4441 597 4510 christiana
612 4441 828 4521 exhortatione
843 4441 1000 4508 certiorem
1016 4439 1138 4506 reddere
1147 4457 1237 4524 quem
1254 4457 1360 4520 snper·
1448 4523 1450 4526 Ι
