<?xml version="1.0" encoding="UTF-8"?>
<!DOCTYPE html PUBLIC "-//W3C//DTD XHTML 1.0 Transitional//EN"
    "http://www.w3.org/TR/xhtml1/DTD/xhtml1-transitional.dtd">
<html xmlns="http://www.w3.org/1999/xhtml" xml:lang="en" lang="en">
 <head>
  <title>
</title>
<meta http-equiv="Content-Type" content="text/html;charset=utf-8" />
  <meta name='ocr-system' content='tesseract 3.04.00' />
  <meta name='ocr-capabilities' content='ocr_page ocr_carea ocr_par ocr_line ocrx_word'/>
</head>
<body>
  <div class='ocr_page' id='page_1' title='image "./monumentasaecul00sadogoog_0484.png"; bbox 0 0 3258 4904; ppageno 0'>
   <div class='ocr_carea' id='block_1_1' title="bbox 630 359 875 428">
    <p class='ocr_par' dir='ltr' id='par_1_1' title="bbox 630 359 875 428">
     <span class='ocr_line' id='line_1_1' title="bbox 630 359 875 428; baseline 0 0"><span class='ocrx_word' id='word_1_1' title='bbox 630 359 786 428; x_wconf 72' lang='lat' dir='ltr'><strong>-too</strong></span> <span class='ocrx_word' id='word_1_2' title='bbox 829 395 875 410; x_wconf 94' lang='lat'>-</span> 
     </span>
    </p>
   </div>
   <div class='ocr_carea' id='block_1_2' title="bbox 127 556 1418 4224">
    <p class='ocr_par' dir='ltr' id='par_1_2' title="bbox 127 556 1379 1448">
     <span class='ocr_line' id='line_1_2' title="bbox 214 556 1376 644; baseline 0.002 -20"><span class='ocrx_word' id='word_1_3' title='bbox 214 560 296 625; x_wconf 91' lang='lat' dir='ltr'><strong>Item</strong></span> <span class='ocrx_word' id='word_1_4' title='bbox 325 558 465 643; x_wconf 87' lang='lat' dir='ltr'><strong>penitet</strong></span> <span class='ocrx_word' id='word_1_5' title='bbox 487 557 614 643; x_wconf 89' lang='lat' dir='ltr'><strong>probare</strong></span> <span class='ocrx_word' id='word_1_6' title='bbox 643 557 777 625; x_wconf 80' lang='lat' dir='ltr'><strong>intendit</strong></span> <span class='ocrx_word' id='word_1_7' title='bbox 798 557 878 643; x_wconf 87' lang='lat' dir='ltr'><strong>quod</strong></span> <span class='ocrx_word' id='word_1_8' title='bbox 907 556 1049 624; x_wconf 91' lang='lat' dir='ltr'><strong>omnibus</strong></span> <span class='ocrx_word' id='word_1_9' title='bbox 1077 558 1109 623; x_wconf 89' lang='lat' dir='ltr'><strong>et</strong></span> <span class='ocrx_word' id='word_1_10' title='bbox 1138 557 1376 644; x_wconf 86' lang='lat' dir='ltr'><strong>quibuscumque</strong></span> 
     </span>
     <span class='ocr_line' id='line_1_3' title="bbox 128 672 1375 760; baseline 0 -19"><span class='ocrx_word' id='word_1_11' title='bbox 128 675 286 760; x_wconf 87' lang='lat' dir='ltr'><strong>scripturis</strong></span> <span class='ocrx_word' id='word_1_12' title='bbox 315 674 516 740; x_wconf 89' lang='lat' dir='ltr'><strong>munimentis</strong></span> <span class='ocrx_word' id='word_1_13' title='bbox 545 673 716 758; x_wconf 82' lang='lat' dir='ltr'><strong>privilegiis</strong></span> <span class='ocrx_word' id='word_1_14' title='bbox 745 672 839 739; x_wconf 91' lang='lat' dir='ltr'><strong>bullis</strong></span> <span class='ocrx_word' id='word_1_15' title='bbox 867 672 975 752; x_wconf 86' lang='lat' dir='ltr'><strong>literis,</strong></span> <span class='ocrx_word' id='word_1_16' title='bbox 1005 674 1036 739; x_wconf 91' lang='lat' dir='ltr'><strong>et</strong></span> <span class='ocrx_word' id='word_1_17' title='bbox 1064 673 1303 758; x_wconf 85' lang='lat' dir='ltr'><strong>quibuscumque</strong></span> <span class='ocrx_word' id='word_1_18' title='bbox 1325 675 1375 740; x_wconf 91' lang='lat' dir='ltr'><strong>in·</strong></span> 
     </span>
     <span class='ocr_line' id='line_1_4' title="bbox 127 788 1376 870; baseline -0.001 -13"><span class='ocrx_word' id='word_1_19' title='bbox 127 791 307 857; x_wconf 84' lang='lat' dir='ltr'><strong>strumentis</strong></span> <span class='ocrx_word' id='word_1_20' title='bbox 336 792 367 856; x_wconf 90' lang='lat' dir='ltr'><strong>et</strong></span> <span class='ocrx_word' id='word_1_21' title='bbox 393 789 463 855; x_wconf 88' lang='lat' dir='ltr'><strong>aliis</strong></span> <span class='ocrx_word' id='word_1_22' title='bbox 485 789 573 856; x_wconf 87' lang='lat' dir='ltr'><strong>libris</strong></span> <span class='ocrx_word' id='word_1_23' title='bbox 602 789 636 855; x_wconf 92' lang='lat' dir='ltr'><strong>iu</strong></span> <span class='ocrx_word' id='word_1_24' title='bbox 663 788 743 856; x_wconf 89' lang='lat' dir='ltr'><strong>dicto</strong></span> <span class='ocrx_word' id='word_1_25' title='bbox 770 788 905 856; x_wconf 75' lang='lat' dir='ltr'><strong>archivio</strong></span> <span class='ocrx_word' id='word_1_26' title='bbox 935 788 1151 870; x_wconf 70' lang='lat' dir='ltr'><strong>existentibus,</strong></span> <span class='ocrx_word' id='word_1_27' title='bbox 1180 789 1266 858; x_wconf 86' lang='lat' dir='ltr'><strong>etin</strong></span> <span class='ocrx_word' id='word_1_28' title='bbox 1295 788 1376 856; x_wconf 90' lang='lat' dir='ltr'><strong>dicto</strong></span> 
     </span>
     <span class='ocr_line' id='line_1_5' title="bbox 127 903 1378 990; baseline -0.001 -19"><span class='ocrx_word' id='word_1_29' title='bbox 127 906 260 973; x_wconf 82' lang='lat' dir='ltr'><strong>archivio</strong></span> <span class='ocrx_word' id='word_1_30' title='bbox 284 905 420 990; x_wconf 81' lang='lat' dir='ltr'><strong>repertis,</strong></span> <span class='ocrx_word' id='word_1_31' title='bbox 443 924 477 971; x_wconf 89' lang='lat' dir='ltr'><strong>ac</strong></span> <span class='ocrx_word' id='word_1_32' title='bbox 493 924 527 970; x_wconf 88' lang='lat' dir='ltr'><strong>ex</strong></span> <span class='ocrx_word' id='word_1_33' title='bbox 550 923 585 972; x_wconf 94' lang='lat' dir='ltr'><strong>eo</strong></span> <span class='ocrx_word' id='word_1_34' title='bbox 600 904 743 972; x_wconf 79' lang='lat' dir='ltr'><strong>extractis</strong></span> <span class='ocrx_word' id='word_1_35' title='bbox 765 904 855 989; x_wconf 90' lang='lat' dir='ltr'><strong>plena</strong></span> <span class='ocrx_word' id='word_1_36' title='bbox 878 905 909 970; x_wconf 86' lang='lat' dir='ltr'><strong>et</strong></span> <span class='ocrx_word' id='word_1_37' title='bbox 930 903 1102 970; x_wconf 84' lang='lat' dir='ltr'><strong>indubitata</strong></span> <span class='ocrx_word' id='word_1_38' title='bbox 1125 903 1200 971; x_wconf 89' lang='lat' dir='ltr'><strong>fides</strong></span> <span class='ocrx_word' id='word_1_39' title='bbox 1215 904 1378 972; x_wconf 84' lang='lat' dir='ltr'><strong>adhibetur</strong></span> 
     </span>
     <span class='ocr_line' id='line_1_6' title="bbox 127 1019 1375 1104; baseline -0.001 -17"><span class='ocrx_word' id='word_1_40' title='bbox 127 1023 157 1087; x_wconf 88' lang='lat' dir='ltr'><strong>et</strong></span> <span class='ocrx_word' id='word_1_41' title='bbox 179 1040 299 1104; x_wconf 83' lang='lat' dir='ltr'><strong>semper</strong></span> <span class='ocrx_word' id='word_1_42' title='bbox 321 1020 460 1087; x_wconf 88' lang='lat' dir='ltr'><strong>adhibita</strong></span> <span class='ocrx_word' id='word_1_43' title='bbox 489 1020 505 1086; x_wconf 87' lang='lat' dir='ltr'><strong>f</strong></span> <span class='ocrx_word' id='word_1_44' title='bbox 523 1020 548 1085; x_wconf 90' lang='lat' dir='ltr'><strong>&#39;t</strong></span> <span class='ocrx_word' id='word_1_45' title='bbox 570 1020 602 1086; x_wconf 88' lang='lat' dir='ltr'><strong>et</strong></span> <span class='ocrx_word' id='word_1_46' title='bbox 623 1021 671 1087; x_wconf 90' lang='lat' dir='ltr'><strong>est</strong></span> <span class='ocrx_word' id='word_1_47' title='bbox 693 1020 727 1086; x_wconf 89' lang='lat' dir='ltr'><strong>iu</strong></span> <span class='ocrx_word' id='word_1_48' title='bbox 749 1019 831 1086; x_wconf 86' lang='lat' dir='ltr'><strong>dicta</strong></span> <span class='ocrx_word' id='word_1_49' title='bbox 854 1019 978 1086; x_wconf 88' lang='lat' dir='ltr'><strong>civitate</strong></span> <span class='ocrx_word' id='word_1_50' title='bbox 1001 1019 1232 1086; x_wconf 85' lang='lat' dir='ltr'><strong>Ravennatense</strong></span> <span class='ocrx_word' id='word_1_51' title='bbox 1255 1020 1288 1086; x_wconf 92' lang='lat' dir='ltr'><strong>iu</strong></span> <span class='ocrx_word' id='word_1_52' title='bbox 1311 1021 1375 1086; x_wconf 88' lang='lat' dir='ltr'><strong>Ro·</strong></span> 
     </span>
     <span class='ocr_line' id='line_1_7' title="bbox 127 1134 1377 1220; baseline -0.002 -18"><span class='ocrx_word' id='word_1_53' title='bbox 127 1155 219 1202; x_wconf 86' lang='lat' dir='ltr'><strong>mana</strong></span> <span class='ocrx_word' id='word_1_54' title='bbox 241 1136 334 1217; x_wconf 84' lang='lat' dir='ltr'><strong>curia,</strong></span> <span class='ocrx_word' id='word_1_55' title='bbox 357 1137 389 1202; x_wconf 88' lang='lat' dir='ltr'><strong>et</strong></span> <span class='ocrx_word' id='word_1_56' title='bbox 410 1136 480 1202; x_wconf 86' lang='lat' dir='ltr'><strong>aliis</strong></span> <span class='ocrx_word' id='word_1_57' title='bbox 494 1135 570 1203; x_wconf 90' lang='lat' dir='ltr'><strong>locis</strong></span> <span class='ocrx_word' id='word_1_58' title='bbox 592 1135 625 1200; x_wconf 94' lang='lat' dir='ltr'><strong>in</strong></span> <span class='ocrx_word' id='word_1_59' title='bbox 648 1135 758 1220; x_wconf 90' lang='lat' dir='ltr'><strong>quibus</strong></span> <span class='ocrx_word' id='word_1_60' title='bbox 774 1135 926 1220; x_wconf 85' lang='lat' dir='ltr'><strong>contingit</strong></span> <span class='ocrx_word' id='word_1_61' title='bbox 948 1154 999 1201; x_wconf 90' lang='lat' dir='ltr'><strong>eos</strong></span> <span class='ocrx_word' id='word_1_62' title='bbox 1021 1135 1190 1220; x_wconf 86' lang='lat' dir='ltr'><strong>presentari</strong></span> <span class='ocrx_word' id='word_1_63' title='bbox 1212 1137 1244 1201; x_wconf 89' lang='lat' dir='ltr'><strong>et</strong></span> <span class='ocrx_word' id='word_1_64' title='bbox 1261 1134 1377 1216; x_wconf 80' lang='lat' dir='ltr'><strong>deduci</strong></span> 
     </span>
     <span class='ocr_line' id='line_1_8' title="bbox 128 1250 1379 1336; baseline -0.002 -18"><span class='ocrx_word' id='word_1_65' title='bbox 128 1256 158 1318; x_wconf 89' lang='lat' dir='ltr'><strong>et</strong></span> <span class='ocrx_word' id='word_1_66' title='bbox 182 1251 227 1318; x_wconf 86' lang='lat' dir='ltr'><strong>aio</strong></span> <span class='ocrx_word' id='word_1_67' title='bbox 249 1251 309 1322; x_wconf 80' lang='lat' dir='ltr'><strong>fuit</strong></span> <span class='ocrx_word' id='word_1_68' title='bbox 331 1253 363 1318; x_wconf 88' lang='lat' dir='ltr'><strong>et</strong></span> <span class='ocrx_word' id='word_1_69' title='bbox 384 1253 432 1318; x_wconf 87' lang='lat' dir='ltr'><strong>ast</strong></span> <span class='ocrx_word' id='word_1_70' title='bbox 445 1271 550 1318; x_wconf 80' lang='lat' dir='ltr'><strong>venum</strong></span> <span class='ocrx_word' id='word_1_71' title='bbox 566 1252 670 1336; x_wconf 87' lang='lat' dir='ltr'><strong>palam</strong></span> <span class='ocrx_word' id='word_1_72' title='bbox 691 1251 820 1336; x_wconf 81' lang='lat' dir='ltr'><strong>publice,</strong></span> <span class='ocrx_word' id='word_1_73' title='bbox 842 1253 874 1316; x_wconf 86' lang='lat' dir='ltr'><strong>et</strong></span> <span class='ocrx_word' id='word_1_74' title='bbox 887 1252 983 1318; x_wconf 88' lang='lat' dir='ltr'><strong>testes</strong></span> <span class='ocrx_word' id='word_1_75' title='bbox 1005 1250 1057 1336; x_wconf 87' lang='lat' dir='ltr'><strong>qui</strong></span> <span class='ocrx_word' id='word_1_76' title='bbox 1080 1251 1208 1336; x_wconf 84' lang='lat' dir='ltr'><strong>desuper</strong></span> <span class='ocrx_word' id='word_1_77' title='bbox 1222 1250 1379 1318; x_wconf 87' lang='lat' dir='ltr'><strong>examina-</strong></span> 
     </span>
     <span class='ocr_line' id='line_1_9' title="bbox 128 1366 1118 1448; baseline 0.002 -16"><span class='ocrx_word' id='word_1_78' title='bbox 128 1367 242 1434; x_wconf 88' lang='lat' dir='ltr'><strong>buntur</strong></span> <span class='ocrx_word' id='word_1_79' title='bbox 264 1368 339 1433; x_wconf 90' lang='lat' dir='ltr'><strong>haec</strong></span> <span class='ocrx_word' id='word_1_80' title='bbox 361 1367 464 1433; x_wconf 89' lang='lat' dir='ltr'><strong>omnia</strong></span> <span class='ocrx_word' id='word_1_81' title='bbox 487 1367 596 1448; x_wconf 77' lang='lat' dir='ltr'><strong>sciunt</strong></span> <span class='ocrx_word' id='word_1_82' title='bbox 618 1369 650 1433; x_wconf 91' lang='lat' dir='ltr'><strong>et</strong></span> <span class='ocrx_word' id='word_1_83' title='bbox 673 1366 717 1433; x_wconf 92' lang='lat' dir='ltr'><strong>sic</strong></span> <span class='ocrx_word' id='word_1_84' title='bbox 738 1366 805 1432; x_wconf 86' lang='lat' dir='ltr'><strong>fieri</strong></span> <span class='ocrx_word' id='word_1_85' title='bbox 827 1368 858 1432; x_wconf 90' lang='lat' dir='ltr'><strong>et</strong></span> <span class='ocrx_word' id='word_1_86' title='bbox 880 1385 947 1433; x_wconf 89' lang='lat' dir='ltr'><strong>esse</strong></span> <span class='ocrx_word' id='word_1_87' title='bbox 970 1366 1118 1434; x_wconf 75' lang='lat' dir='ltr'><strong>videraut.</strong></span> 
     </span>
    </p>

    <p class='ocr_par' dir='ltr' id='par_1_3' title="bbox 129 1481 1418 2607">
     <span class='ocr_line' id='line_1_10' title="bbox 217 1481 1418 1569; baseline 0.002 -21"><span class='ocrx_word' id='word_1_88' title='bbox 217 1483 298 1550; x_wconf 90' lang='lat' dir='ltr'><strong>Item</strong></span> <span class='ocrx_word' id='word_1_89' title='bbox 328 1482 408 1569; x_wconf 86' lang='lat' dir='ltr'><strong>quod</strong></span> <span class='ocrx_word' id='word_1_90' title='bbox 436 1482 627 1549; x_wconf 84' lang='lat' dir='ltr'><strong>munimenta</strong></span> <span class='ocrx_word' id='word_1_91' title='bbox 656 1483 759 1549; x_wconf 89' lang='lat' dir='ltr'><strong>bullae</strong></span> <span class='ocrx_word' id='word_1_92' title='bbox 787 1481 949 1567; x_wconf 84' lang='lat' dir='ltr'><strong>privilegia</strong></span> <span class='ocrx_word' id='word_1_93' title='bbox 977 1501 1013 1548; x_wconf 89' lang='lat' dir='ltr'><strong>ac</strong></span> <span class='ocrx_word' id='word_1_94' title='bbox 1042 1483 1208 1567; x_wconf 85' lang='lat' dir='ltr'><strong>scripturae</strong></span> <span class='ocrx_word' id='word_1_95' title='bbox 1235 1503 1270 1552; x_wconf 87' lang='lat' dir='ltr'><strong>ex</strong></span> <span class='ocrx_word' id='word_1_96' title='bbox 1299 1482 1418 1551; x_wconf 73' lang='lat' dir='ltr'><strong>dioto‘·</strong></span> 
     </span>
     <span class='ocr_line' id='line_1_11' title="bbox 129 1597 1380 1684; baseline 0.001 -20"><span class='ocrx_word' id='word_1_97' title='bbox 129 1599 265 1666; x_wconf 91' lang='lat' dir='ltr'><strong>archivio</strong></span> <span class='ocrx_word' id='word_1_98' title='bbox 280 1617 333 1683; x_wconf 94' lang='lat' dir='ltr'><strong>pro</strong></span> <span class='ocrx_word' id='word_1_99' title='bbox 349 1617 440 1664; x_wconf 88' lang='lat' dir='ltr'><strong>causa</strong></span> <span class='ocrx_word' id='word_1_100' title='bbox 455 1597 631 1665; x_wconf 91' lang='lat' dir='ltr'><strong>huiusmodi</strong></span> <span class='ocrx_word' id='word_1_101' title='bbox 645 1598 853 1678; x_wconf 79' lang='lat' dir='ltr'><strong>extrahuntur,</strong></span> <span class='ocrx_word' id='word_1_102' title='bbox 877 1600 957 1679; x_wconf 77' lang='lat' dir='ltr'><strong>sunt</strong></span> <span class='ocrx_word' id='word_1_103' title='bbox 979 1597 1102 1665; x_wconf 82' lang='lat' dir='ltr'><strong>morunt</strong></span> <span class='ocrx_word' id='word_1_104' title='bbox 1119 1601 1237 1684; x_wconf 84' lang='lat' dir='ltr'><strong>reperta</strong></span> <span class='ocrx_word' id='word_1_105' title='bbox 1251 1599 1284 1665; x_wconf 93' lang='lat' dir='ltr'><strong>iu</strong></span> <span class='ocrx_word' id='word_1_106' title='bbox 1299 1598 1380 1665; x_wconf 90' lang='lat' dir='ltr'><strong>dicto</strong></span> 
     </span>
     <span class='ocr_line' id='line_1_12' title="bbox 130 1713 1382 1800; baseline 0.001 -20"><span class='ocrx_word' id='word_1_107' title='bbox 130 1714 265 1781; x_wconf 79' lang='lat' dir='ltr'><strong>archivio</strong></span> <span class='ocrx_word' id='word_1_108' title='bbox 288 1717 320 1780; x_wconf 92' lang='lat' dir='ltr'><strong>et</strong></span> <span class='ocrx_word' id='word_1_109' title='bbox 341 1714 375 1779; x_wconf 94' lang='lat' dir='ltr'><strong>iu</strong></span> <span class='ocrx_word' id='word_1_110' title='bbox 390 1733 424 1780; x_wconf 93' lang='lat' dir='ltr'><strong>eo</strong></span> <span class='ocrx_word' id='word_1_111' title='bbox 447 1713 580 1780; x_wconf 87' lang='lat' dir='ltr'><strong>archivio</strong></span> <span class='ocrx_word' id='word_1_112' title='bbox 604 1733 698 1799; x_wconf 91' lang='lat' dir='ltr'><strong>usque</strong></span> <span class='ocrx_word' id='word_1_113' title='bbox 721 1713 761 1780; x_wconf 89' lang='lat' dir='ltr'><strong>ad</strong></span> <span class='ocrx_word' id='word_1_114' title='bbox 775 1716 947 1798; x_wconf 88' lang='lat' dir='ltr'><strong>presentem</strong></span> <span class='ocrx_word' id='word_1_115' title='bbox 970 1714 1051 1780; x_wconf 90' lang='lat' dir='ltr'><strong>diem</strong></span> <span class='ocrx_word' id='word_1_116' title='bbox 1075 1733 1194 1800; x_wconf 89' lang='lat' dir='ltr'><strong>semper</strong></span> <span class='ocrx_word' id='word_1_117' title='bbox 1216 1715 1382 1781; x_wconf 87' lang='lat' dir='ltr'><strong>extitemut</strong></span> 
     </span>
     <span class='ocr_line' id='line_1_13' title="bbox 130 1829 1382 1915; baseline 0 -19"><span class='ocrx_word' id='word_1_118' title='bbox 130 1830 161 1896; x_wconf 88' lang='lat' dir='ltr'><strong>et</strong></span> <span class='ocrx_word' id='word_1_119' title='bbox 183 1829 301 1897; x_wconf 88' lang='lat' dir='ltr'><strong>eisdem</strong></span> <span class='ocrx_word' id='word_1_120' title='bbox 330 1829 423 1896; x_wconf 87' lang='lat' dir='ltr'><strong>iidem</strong></span> <span class='ocrx_word' id='word_1_121' title='bbox 450 1829 656 1897; x_wconf 84' lang='lat' dir='ltr'><strong>indubitatam</strong></span> <span class='ocrx_word' id='word_1_122' title='bbox 680 1830 817 1896; x_wconf 89' lang='lat' dir='ltr'><strong>adhiberi</strong></span> <span class='ocrx_word' id='word_1_123' title='bbox 847 1829 955 1896; x_wconf 90' lang='lat' dir='ltr'><strong>debere</strong></span> <span class='ocrx_word' id='word_1_124' title='bbox 977 1831 1067 1914; x_wconf 86' lang='lat' dir='ltr'><strong>prout</strong></span> <span class='ocrx_word' id='word_1_125' title='bbox 1096 1849 1215 1915; x_wconf 88' lang='lat' dir='ltr'><strong>semper</strong></span> <span class='ocrx_word' id='word_1_126' title='bbox 1243 1829 1382 1898; x_wconf 87' lang='lat' dir='ltr'><strong>adhibita</strong></span> 
     </span>
     <span class='ocr_line' id='line_1_14' title="bbox 130 1945 1380 2031; baseline 0 -19"><span class='ocrx_word' id='word_1_127' title='bbox 130 1945 197 2025; x_wconf 76' lang='lat' dir='ltr'><strong>luit,</strong></span> <span class='ocrx_word' id='word_1_128' title='bbox 221 1946 254 2011; x_wconf 91' lang='lat' dir='ltr'><strong>et</strong></span> <span class='ocrx_word' id='word_1_129' title='bbox 275 1946 370 2011; x_wconf 78' lang='lat' dir='ltr'><strong>usus</strong></span> <span class='ocrx_word' id='word_1_130' title='bbox 394 1945 521 2030; x_wconf 92' lang='lat' dir='ltr'><strong>desuper</strong></span> <span class='ocrx_word' id='word_1_131' title='bbox 550 1945 758 2012; x_wconf 85' lang='lat' dir='ltr'><strong>examinantes</strong></span> <span class='ocrx_word' id='word_1_132' title='bbox 788 1964 824 2012; x_wconf 89' lang='lat' dir='ltr'><strong>ea</strong></span> <span class='ocrx_word' id='word_1_133' title='bbox 846 1945 1038 2012; x_wconf 84' lang='lat' dir='ltr'><strong>munimenta</strong></span> <span class='ocrx_word' id='word_1_134' title='bbox 1066 1945 1227 2031; x_wconf 84' lang='lat' dir='ltr'><strong>privilegia</strong></span> <span class='ocrx_word' id='word_1_135' title='bbox 1249 1947 1281 2013; x_wconf 88' lang='lat' dir='ltr'><strong>et</strong></span> <span class='ocrx_word' id='word_1_136' title='bbox 1303 1946 1380 2012; x_wconf 86' lang='lat' dir='ltr'><strong>scri-</strong></span> 
     </span>
     <span class='ocr_line' id='line_1_15' title="bbox 131 2059 1383 2147; baseline 0.002 -21"><span class='ocrx_word' id='word_1_137' title='bbox 131 2063 238 2144; x_wconf 88' lang='lat' dir='ltr'><strong>pturas</strong></span> <span class='ocrx_word' id='word_1_138' title='bbox 261 2059 437 2127; x_wconf 91' lang='lat' dir='ltr'><strong>huiusmodi</strong></span> <span class='ocrx_word' id='word_1_139' title='bbox 460 2063 682 2146; x_wconf 78' lang='lat' dir='ltr'><strong>recognoscent,</strong></span> <span class='ocrx_word' id='word_1_140' title='bbox 705 2063 737 2127; x_wconf 88' lang='lat' dir='ltr'><strong>et</strong></span> <span class='ocrx_word' id='word_1_141' title='bbox 751 2061 856 2145; x_wconf 82' lang='lat' dir='ltr'><strong>sigilla</strong></span> <span class='ocrx_word' id='word_1_142' title='bbox 878 2061 1003 2127; x_wconf 87' lang='lat' dir='ltr'><strong>etiamsi</strong></span> <span class='ocrx_word' id='word_1_143' title='bbox 1024 2061 1062 2128; x_wconf 93' lang='lat' dir='ltr'><strong>cb</strong></span> <span class='ocrx_word' id='word_1_144' title='bbox 1078 2062 1264 2129; x_wconf 86' lang='lat' dir='ltr'><strong>vetustatem</strong></span> <span class='ocrx_word' id='word_1_145' title='bbox 1279 2063 1383 2147; x_wconf 88' lang='lat' dir='ltr'><strong>elapsa</strong></span> 
     </span>
     <span class='ocr_line' id='line_1_16' title="bbox 130 2175 1383 2256; baseline 0.002 -16"><span class='ocrx_word' id='word_1_146' title='bbox 130 2175 232 2242; x_wconf 82' lang='lat' dir='ltr'><strong>forent</strong></span> <span class='ocrx_word' id='word_1_147' title='bbox 261 2175 324 2242; x_wconf 88' lang='lat' dir='ltr'><strong>fore</strong></span> <span class='ocrx_word' id='word_1_148' title='bbox 347 2178 466 2243; x_wconf 86' lang='lat' dir='ltr'><strong>stesso</strong></span> <span class='ocrx_word' id='word_1_149' title='bbox 495 2177 678 2256; x_wconf 82' lang='lat' dir='ltr'><strong>authentica,</strong></span> <span class='ocrx_word' id='word_1_150' title='bbox 707 2195 786 2256; x_wconf 74' lang='lat' dir='ltr'><strong>vera,</strong></span> <span class='ocrx_word' id='word_1_151' title='bbox 816 2179 848 2242; x_wconf 91' lang='lat' dir='ltr'><strong>et</strong></span> <span class='ocrx_word' id='word_1_152' title='bbox 875 2175 967 2245; x_wconf 86' lang='lat' dir='ltr'><strong>fidem</strong></span> <span class='ocrx_word' id='word_1_153' title='bbox 990 2175 1149 2242; x_wconf 89' lang='lat' dir='ltr'><strong>indubiam</strong></span> <span class='ocrx_word' id='word_1_154' title='bbox 1178 2177 1383 2244; x_wconf 88' lang='lat' dir='ltr'><strong>adhibendam</strong></span> 
     </span>
     <span class='ocr_line' id='line_1_17' title="bbox 131 2289 1382 2377; baseline 0.002 -21"><span class='ocrx_word' id='word_1_155' title='bbox 131 2290 195 2356; x_wconf 86' lang='lat' dir='ltr'><strong>sore</strong></span> <span class='ocrx_word' id='word_1_156' title='bbox 217 2291 250 2356; x_wconf 88' lang='lat' dir='ltr'><strong>et</strong></span> <span class='ocrx_word' id='word_1_157' title='bbox 272 2291 306 2356; x_wconf 92' lang='lat' dir='ltr'><strong>in</strong></span> <span class='ocrx_word' id='word_1_158' title='bbox 327 2289 408 2357; x_wconf 90' lang='lat' dir='ltr'><strong>dicto</strong></span> <span class='ocrx_word' id='word_1_159' title='bbox 431 2291 563 2359; x_wconf 86' lang='lat' dir='ltr'><strong>archivio</strong></span> <span class='ocrx_word' id='word_1_160' title='bbox 586 2293 712 2377; x_wconf 76' lang='lat' dir='ltr'><strong>reperta,</strong></span> <span class='ocrx_word' id='word_1_161' title='bbox 735 2292 768 2358; x_wconf 91' lang='lat' dir='ltr'><strong>in</strong></span> <span class='ocrx_word' id='word_1_162' title='bbox 790 2311 849 2377; x_wconf 87' lang='lat' dir='ltr'><strong>quo</strong></span> <span class='ocrx_word' id='word_1_163' title='bbox 872 2293 911 2358; x_wconf 84' lang='lat' dir='ltr'><strong>ab</strong></span> <span class='ocrx_word' id='word_1_164' title='bbox 935 2292 1153 2360; x_wconf 85' lang='lat' dir='ltr'><strong>innumerabili</strong></span> <span class='ocrx_word' id='word_1_165' title='bbox 1175 2294 1310 2377; x_wconf 90' lang='lat' dir='ltr'><strong>tempore</strong></span> <span class='ocrx_word' id='word_1_166' title='bbox 1331 2293 1382 2359; x_wconf 93' lang='lat' dir='ltr'><strong>iu·</strong></span> 
     </span>
     <span class='ocr_line' id='line_1_18' title="bbox 131 2407 1384 2493; baseline 0.002 -21"><span class='ocrx_word' id='word_1_167' title='bbox 131 2407 224 2472; x_wconf 86' lang='lat' dir='ltr'><strong>antea</strong></span> <span class='ocrx_word' id='word_1_168' title='bbox 252 2408 428 2474; x_wconf 86' lang='lat' dir='ltr'><strong>conservata</strong></span> <span class='ocrx_word' id='word_1_169' title='bbox 462 2407 584 2474; x_wconf 83' lang='lat' dir='ltr'><strong>fuerunt</strong></span> <span class='ocrx_word' id='word_1_170' title='bbox 612 2410 702 2491; x_wconf 89' lang='lat' dir='ltr'><strong>prout</strong></span> <span class='ocrx_word' id='word_1_171' title='bbox 730 2426 906 2475; x_wconf 88' lang='lat' dir='ltr'><strong>conservare</strong></span> <span class='ocrx_word' id='word_1_172' title='bbox 936 2409 1046 2475; x_wconf 93' lang='lat' dir='ltr'><strong>melius</strong></span> <span class='ocrx_word' id='word_1_173' title='bbox 1080 2409 1244 2492; x_wconf 88' lang='lat' dir='ltr'><strong>potuerunt</strong></span> <span class='ocrx_word' id='word_1_174' title='bbox 1281 2409 1384 2493; x_wconf 88' lang='lat' dir='ltr'><strong>palam</strong></span> 
     </span>
     <span class='ocr_line' id='line_1_19' title="bbox 131 2521 590 2607; baseline 0.004 -19"><span class='ocrx_word' id='word_1_175' title='bbox 131 2521 255 2607; x_wconf 89' lang='lat' dir='ltr'><strong>publice</strong></span> <span class='ocrx_word' id='word_1_176' title='bbox 277 2523 309 2588; x_wconf 88' lang='lat' dir='ltr'><strong>et</strong></span> <span class='ocrx_word' id='word_1_177' title='bbox 331 2523 375 2589; x_wconf 90' lang='lat' dir='ltr'><strong>sic</strong></span> <span class='ocrx_word' id='word_1_178' title='bbox 396 2523 456 2588; x_wconf 85' lang='lat' dir='ltr'><strong>fuit</strong></span> <span class='ocrx_word' id='word_1_179' title='bbox 476 2542 590 2590; x_wconf 88' lang='lat' dir='ltr'><strong>verum.</strong></span> 
     </span>
    </p>

    <p class='ocr_par' dir='ltr' id='par_1_4' title="bbox 133 2637 1387 3185">
     <span class='ocr_line' id='line_1_20' title="bbox 224 2637 1386 2724; baseline 0.001 -21"><span class='ocrx_word' id='word_1_180' title='bbox 224 2639 305 2704; x_wconf 90' lang='lat' dir='ltr'><strong>Item</strong></span> <span class='ocrx_word' id='word_1_181' title='bbox 327 2637 542 2723; x_wconf 85' lang='lat' dir='ltr'><strong>quodpropter</strong></span> <span class='ocrx_word' id='word_1_182' title='bbox 557 2637 773 2723; x_wconf 83' lang='lat' dir='ltr'><strong>antiquitatem</strong></span> <span class='ocrx_word' id='word_1_183' title='bbox 794 2658 855 2706; x_wconf 91' lang='lat' dir='ltr'><strong>nou</strong></span> <span class='ocrx_word' id='word_1_184' title='bbox 870 2639 999 2724; x_wconf 89' lang='lat' dir='ltr'><strong>possunt</strong></span> <span class='ocrx_word' id='word_1_185' title='bbox 1013 2658 1079 2706; x_wconf 89' lang='lat' dir='ltr'><strong>esse</strong></span> <span class='ocrx_word' id='word_1_186' title='bbox 1095 2639 1140 2705; x_wconf 90' lang='lat' dir='ltr'><strong>sio</strong></span> <span class='ocrx_word' id='word_1_187' title='bbox 1154 2640 1189 2705; x_wconf 90' lang='lat' dir='ltr'><strong>ut</strong></span> <span class='ocrx_word' id='word_1_188' title='bbox 1203 2638 1386 2718; x_wconf 77' lang='lat' dir='ltr'><strong>conveniret,</strong></span> 
     </span>
     <span class='ocr_line' id='line_1_21' title="bbox 133 2753 1386 2840; baseline 0 -20"><span class='ocrx_word' id='word_1_189' title='bbox 133 2753 188 2821; x_wconf 88' lang='lat' dir='ltr'><strong>sed</strong></span> <span class='ocrx_word' id='word_1_190' title='bbox 210 2755 315 2820; x_wconf 85' lang='lat' dir='ltr'><strong>taram</strong></span> <span class='ocrx_word' id='word_1_191' title='bbox 338 2755 414 2820; x_wconf 87' lang='lat' dir='ltr'><strong>talia</strong></span> <span class='ocrx_word' id='word_1_192' title='bbox 436 2756 508 2821; x_wconf 89' lang='lat' dir='ltr'><strong>suut</strong></span> <span class='ocrx_word' id='word_1_193' title='bbox 529 2757 620 2839; x_wconf 89' lang='lat' dir='ltr'><strong>prout</strong></span> <span class='ocrx_word' id='word_1_194' title='bbox 634 2773 668 2820; x_wconf 88' lang='lat' dir='ltr'><strong>ex</strong></span> <span class='ocrx_word' id='word_1_195' title='bbox 691 2754 878 2840; x_wconf 88' lang='lat' dir='ltr'><strong>inspectione</strong></span> <span class='ocrx_word' id='word_1_196' title='bbox 900 2755 1062 2822; x_wconf 76' lang='lat' dir='ltr'><strong>sanandam</strong></span> <span class='ocrx_word' id='word_1_197' title='bbox 1080 2756 1181 2840; x_wconf 84' lang='lat' dir='ltr'><strong>aperte</strong></span> <span class='ocrx_word' id='word_1_198' title='bbox 1204 2756 1331 2835; x_wconf 77' lang='lat' dir='ltr'><strong>mnatat</strong></span> <span class='ocrx_word' id='word_1_199' title='bbox 1354 2756 1386 2820; x_wconf 88' lang='lat' dir='ltr'><strong>et</strong></span> 
     </span>
     <span class='ocr_line' id='line_1_22' title="bbox 134 2869 1387 2954; baseline 0.002 -20"><span class='ocrx_word' id='word_1_200' title='bbox 134 2888 171 2935; x_wconf 86' lang='lat' dir='ltr'><strong>ex</strong></span> <span class='ocrx_word' id='word_1_201' title='bbox 193 2869 345 2935; x_wconf 87' lang='lat' dir='ltr'><strong>vetustate</strong></span> <span class='ocrx_word' id='word_1_202' title='bbox 367 2869 448 2954; x_wconf 87' lang='lat' dir='ltr'><strong>quod</strong></span> <span class='ocrx_word' id='word_1_203' title='bbox 469 2869 645 2936; x_wconf 90' lang='lat' dir='ltr'><strong>omnimoda</strong></span> <span class='ocrx_word' id='word_1_204' title='bbox 666 2869 741 2936; x_wconf 89' lang='lat' dir='ltr'><strong>fides</strong></span> <span class='ocrx_word' id='word_1_205' title='bbox 771 2872 818 2936; x_wconf 89' lang='lat' dir='ltr'><strong>cst</strong></span> <span class='ocrx_word' id='word_1_206' title='bbox 840 2870 1011 2938; x_wconf 84' lang='lat' dir='ltr'><strong>adhibenda</strong></span> <span class='ocrx_word' id='word_1_207' title='bbox 1033 2873 1063 2938; x_wconf 92' lang='lat' dir='ltr'><strong>et</strong></span> <span class='ocrx_word' id='word_1_208' title='bbox 1086 2871 1225 2938; x_wconf 89' lang='lat' dir='ltr'><strong>adhiberi</strong></span> <span class='ocrx_word' id='word_1_209' title='bbox 1253 2871 1387 2950; x_wconf 83' lang='lat' dir='ltr'><strong>debetur,</strong></span> 
     </span>
     <span class='ocr_line' id='line_1_23' title="bbox 135 2984 1387 3070; baseline 0.002 -21"><span class='ocrx_word' id='word_1_210' title='bbox 135 3003 207 3050; x_wconf 90' lang='lat' dir='ltr'><strong>cum</strong></span> <span class='ocrx_word' id='word_1_211' title='bbox 229 2985 263 3050; x_wconf 92' lang='lat' dir='ltr'><strong>in</strong></span> <span class='ocrx_word' id='word_1_212' title='bbox 285 2985 366 3052; x_wconf 91' lang='lat' dir='ltr'><strong>dicto</strong></span> <span class='ocrx_word' id='word_1_213' title='bbox 395 2985 529 3051; x_wconf 87' lang='lat' dir='ltr'><strong>archivio</strong></span> <span class='ocrx_word' id='word_1_214' title='bbox 552 3003 605 3051; x_wconf 91' lang='lat' dir='ltr'><strong>seu</strong></span> <span class='ocrx_word' id='word_1_215' title='bbox 634 2984 792 3070; x_wconf 87' lang='lat' dir='ltr'><strong>cartilogio</strong></span> <span class='ocrx_word' id='word_1_216' title='bbox 816 3004 935 3070; x_wconf 88' lang='lat' dir='ltr'><strong>semper</strong></span> <span class='ocrx_word' id='word_1_217' title='bbox 960 2986 1027 3053; x_wconf 92' lang='lat' dir='ltr'><strong>visa</strong></span> <span class='ocrx_word' id='word_1_218' title='bbox 1056 2987 1177 3067; x_wconf 76' lang='lat' dir='ltr'><strong>ineunt,</strong></span> <span class='ocrx_word' id='word_1_219' title='bbox 1207 2988 1239 3053; x_wconf 90' lang='lat' dir='ltr'><strong>et</strong></span> <span class='ocrx_word' id='word_1_220' title='bbox 1261 2987 1333 3067; x_wconf 78' lang='lat' dir='ltr'><strong>siut</strong></span> <span class='ocrx_word' id='word_1_221' title='bbox 1356 2986 1387 3052; x_wconf 89' lang='lat' dir='ltr'><strong>et</strong></span> 
     </span>
     <span class='ocr_line' id='line_1_24' title="bbox 137 3099 1125 3185; baseline 0.001 -19"><span class='ocrx_word' id='word_1_222' title='bbox 137 3101 176 3166; x_wconf 89' lang='lat' dir='ltr'><strong>ab</strong></span> <span class='ocrx_word' id='word_1_223' title='bbox 199 3118 234 3166; x_wconf 88' lang='lat' dir='ltr'><strong>co</strong></span> <span class='ocrx_word' id='word_1_224' title='bbox 257 3101 391 3166; x_wconf 88' lang='lat' dir='ltr'><strong>extracta</strong></span> <span class='ocrx_word' id='word_1_225' title='bbox 413 3101 515 3184; x_wconf 89' lang='lat' dir='ltr'><strong>palam</strong></span> <span class='ocrx_word' id='word_1_226' title='bbox 538 3099 666 3185; x_wconf 85' lang='lat' dir='ltr'><strong>publice,</strong></span> <span class='ocrx_word' id='word_1_227' title='bbox 688 3102 720 3166; x_wconf 93' lang='lat' dir='ltr'><strong>et</strong></span> <span class='ocrx_word' id='word_1_228' title='bbox 743 3100 786 3167; x_wconf 90' lang='lat' dir='ltr'><strong>sic</strong></span> <span class='ocrx_word' id='word_1_229' title='bbox 808 3100 868 3166; x_wconf 89' lang='lat' dir='ltr'><strong>fnit</strong></span> <span class='ocrx_word' id='word_1_230' title='bbox 890 3100 921 3166; x_wconf 89' lang='lat' dir='ltr'><strong>at</strong></span> <span class='ocrx_word' id='word_1_231' title='bbox 942 3102 990 3166; x_wconf 89' lang='lat' dir='ltr'><strong>est</strong></span> <span class='ocrx_word' id='word_1_232' title='bbox 1012 3119 1125 3168; x_wconf 88' lang='lat' dir='ltr'><strong>vamm.</strong></span> 
     </span>
    </p>

    <p class='ocr_par' dir='ltr' id='par_1_5' title="bbox 138 3215 1393 4224">
     <span class='ocr_line' id='line_1_25' title="bbox 227 3215 1390 3300; baseline 0.001 -19"><span class='ocrx_word' id='word_1_233' title='bbox 227 3216 307 3283; x_wconf 86' lang='lat' dir='ltr'><strong>Item</strong></span> <span class='ocrx_word' id='word_1_234' title='bbox 329 3215 408 3300; x_wconf 86' lang='lat' dir='ltr'><strong>quod</strong></span> <span class='ocrx_word' id='word_1_235' title='bbox 431 3216 582 3300; x_wconf 90' lang='lat' dir='ltr'><strong>premissa</strong></span> <span class='ocrx_word' id='word_1_236' title='bbox 603 3217 706 3282; x_wconf 91' lang='lat' dir='ltr'><strong>omnia</strong></span> <span class='ocrx_word' id='word_1_237' title='bbox 729 3219 760 3282; x_wconf 91' lang='lat' dir='ltr'><strong>et</strong></span> <span class='ocrx_word' id='word_1_238' title='bbox 780 3215 902 3300; x_wconf 86' lang='lat' dir='ltr'><strong>singula</strong></span> <span class='ocrx_word' id='word_1_239' title='bbox 924 3215 1047 3282; x_wconf 89' lang='lat' dir='ltr'><strong>fucmnt</strong></span> <span class='ocrx_word' id='word_1_240' title='bbox 1068 3217 1156 3282; x_wconf 86' lang='lat' dir='ltr'><strong>amnt</strong></span> <span class='ocrx_word' id='word_1_241' title='bbox 1178 3218 1209 3282; x_wconf 89' lang='lat' dir='ltr'><strong>ct</strong></span> <span class='ocrx_word' id='word_1_242' title='bbox 1232 3217 1304 3282; x_wconf 87' lang='lat' dir='ltr'><strong>sunt</strong></span> <span class='ocrx_word' id='word_1_243' title='bbox 1318 3234 1390 3282; x_wconf 89' lang='lat' dir='ltr'><strong>vera</strong></span> 
     </span>
     <span class='ocr_line' id='line_1_26' title="bbox 138 3330 1389 3415; baseline -0.001 -19"><span class='ocrx_word' id='word_1_244' title='bbox 138 3331 261 3415; x_wconf 90' lang='lat' dir='ltr'><strong>publica</strong></span> <span class='ocrx_word' id='word_1_245' title='bbox 282 3331 409 3411; x_wconf 77' lang='lat' dir='ltr'><strong>notoria,</strong></span> <span class='ocrx_word' id='word_1_246' title='bbox 432 3333 464 3398; x_wconf 86' lang='lat' dir='ltr'><strong>ct</strong></span> <span class='ocrx_word' id='word_1_247' title='bbox 485 3331 522 3398; x_wconf 91' lang='lat' dir='ltr'><strong>da</strong></span> <span class='ocrx_word' id='word_1_248' title='bbox 544 3331 589 3397; x_wconf 89' lang='lat' dir='ltr'><strong>eis</strong></span> <span class='ocrx_word' id='word_1_249' title='bbox 612 3331 754 3398; x_wconf 91' lang='lat' dir='ltr'><strong>omuibus</strong></span> <span class='ocrx_word' id='word_1_250' title='bbox 777 3332 808 3398; x_wconf 89' lang='lat' dir='ltr'><strong>et</strong></span> <span class='ocrx_word' id='word_1_251' title='bbox 831 3330 962 3415; x_wconf 85' lang='lat' dir='ltr'><strong>siugulis</strong></span> <span class='ocrx_word' id='word_1_252' title='bbox 984 3331 1044 3396; x_wconf 90' lang='lat' dir='ltr'><strong>fuit</strong></span> <span class='ocrx_word' id='word_1_253' title='bbox 1066 3332 1099 3397; x_wconf 90' lang='lat' dir='ltr'><strong>et</strong></span> <span class='ocrx_word' id='word_1_254' title='bbox 1120 3335 1168 3396; x_wconf 91' lang='lat' dir='ltr'><strong>est</strong></span> <span class='ocrx_word' id='word_1_255' title='bbox 1190 3330 1312 3415; x_wconf 89' lang='lat' dir='ltr'><strong>publica</strong></span> <span class='ocrx_word' id='word_1_256' title='bbox 1332 3348 1389 3397; x_wconf 88' lang='lat' dir='ltr'><strong>vox</strong></span> 
     </span>
     <span class='ocr_line' id='line_1_27' title="bbox 140 3445 1390 3532; baseline -0.001 -19"><span class='ocrx_word' id='word_1_257' title='bbox 140 3448 171 3513; x_wconf 91' lang='lat' dir='ltr'><strong>et</strong></span> <span class='ocrx_word' id='word_1_258' title='bbox 193 3446 288 3525; x_wconf 90' lang='lat' dir='ltr'><strong>fama;</strong></span> <span class='ocrx_word' id='word_1_259' title='bbox 312 3447 390 3530; x_wconf 91' lang='lat' dir='ltr'><strong>petit</strong></span> <span class='ocrx_word' id='word_1_260' title='bbox 412 3447 507 3531; x_wconf 81' lang='lat' dir='ltr'><strong>igitur</strong></span> <span class='ocrx_word' id='word_1_261' title='bbox 530 3446 630 3513; x_wconf 89' lang='lat' dir='ltr'><strong>dictus</strong></span> <span class='ocrx_word' id='word_1_262' title='bbox 652 3447 827 3532; x_wconf 89' lang='lat' dir='ltr'><strong>procurator</strong></span> <span class='ocrx_word' id='word_1_263' title='bbox 848 3447 970 3512; x_wconf 91' lang='lat' dir='ltr'><strong>nomine</strong></span> <span class='ocrx_word' id='word_1_264' title='bbox 993 3465 1052 3531; x_wconf 87' lang='lat' dir='ltr'><strong>quo</strong></span> <span class='ocrx_word' id='word_1_265' title='bbox 1076 3465 1166 3532; x_wconf 87' lang='lat' dir='ltr'><strong>supra</strong></span> <span class='ocrx_word' id='word_1_266' title='bbox 1190 3466 1213 3512; x_wconf 95' lang='grc' dir='ltr'><strong>ε.</strong></span> <span class='ocrx_word' id='word_1_267' title='bbox 1233 3445 1260 3512; x_wconf 93' lang='lat' dir='ltr'><strong>d.</strong></span> <span class='ocrx_word' id='word_1_268' title='bbox 1284 3466 1313 3512; x_wconf 94' lang='lat' dir='ltr'><strong>u.</strong></span> <span class='ocrx_word' id='word_1_269' title='bbox 1336 3464 1390 3530; x_wconf 89' lang='lat' dir='ltr'><strong>per</strong></span> 
     </span>
     <span class='ocr_line' id='line_1_28' title="bbox 140 3561 1391 3646; baseline 0 -19"><span class='ocrx_word' id='word_1_270' title='bbox 140 3580 194 3628; x_wconf 87' lang='lat' dir='ltr'><strong>voa</strong></span> <span class='ocrx_word' id='word_1_271' title='bbox 217 3561 245 3628; x_wconf 93' lang='lat' dir='ltr'><strong>d.</strong></span> <span class='ocrx_word' id='word_1_272' title='bbox 275 3561 407 3629; x_wconf 88' lang='lat' dir='ltr'><strong>iudicem</strong></span> <span class='ocrx_word' id='word_1_273' title='bbox 436 3563 664 3646; x_wconf 81' lang='lat' dir='ltr'><strong>compulsorem,</strong></span> <span class='ocrx_word' id='word_1_274' title='bbox 695 3563 726 3629; x_wconf 91' lang='lat' dir='ltr'><strong>et</strong></span> <span class='ocrx_word' id='word_1_275' title='bbox 749 3581 801 3629; x_wconf 91' lang='lat' dir='ltr'><strong>seu</strong></span> <span class='ocrx_word' id='word_1_276' title='bbox 831 3561 1006 3646; x_wconf 84' lang='lat' dir='ltr'><strong>delegatum</strong></span> <span class='ocrx_word' id='word_1_277' title='bbox 1035 3562 1207 3630; x_wconf 88' lang='lat' dir='ltr'><strong>maiestatis</strong></span> <span class='ocrx_word' id='word_1_278' title='bbox 1236 3579 1391 3629; x_wconf 88' lang='lat' dir='ltr'><strong>caesareae</strong></span> 
     </span>
     <span class='ocr_line' id='line_1_29' title="bbox 141 3677 1393 3763; baseline 0 -20"><span class='ocrx_word' id='word_1_279' title='bbox 141 3677 387 3744; x_wconf 88' lang='lat' dir='ltr'><strong>commissarium</strong></span> <span class='ocrx_word' id='word_1_280' title='bbox 409 3677 584 3744; x_wconf 92' lang='lat' dir='ltr'><strong>huiusmodi</strong></span> <span class='ocrx_word' id='word_1_281' title='bbox 598 3680 790 3763; x_wconf 87' lang='lat' dir='ltr'><strong>vestramque</strong></span> <span class='ocrx_word' id='word_1_282' title='bbox 806 3677 1040 3745; x_wconf 86' lang='lat' dir='ltr'><strong>declarationem</strong></span> <span class='ocrx_word' id='word_1_283' title='bbox 1059 3678 1179 3744; x_wconf 89' lang='lat' dir='ltr'><strong>decerni</strong></span> <span class='ocrx_word' id='word_1_284' title='bbox 1200 3680 1231 3744; x_wconf 91' lang='lat' dir='ltr'><strong>et</strong></span> <span class='ocrx_word' id='word_1_285' title='bbox 1246 3678 1393 3744; x_wconf 86' lang='lat' dir='ltr'><strong>declarari</strong></span> 
     </span>
     <span class='ocr_line' id='line_1_30' title="bbox 141 3792 1390 3874; baseline 0.001 -16"><span class='ocrx_word' id='word_1_286' title='bbox 141 3793 204 3861; x_wconf 82' lang='lat' dir='ltr'><strong>fore</strong></span> <span class='ocrx_word' id='word_1_287' title='bbox 227 3794 258 3859; x_wconf 87' lang='lat' dir='ltr'><strong>et</strong></span> <span class='ocrx_word' id='word_1_288' title='bbox 281 3813 347 3860; x_wconf 89' lang='lat' dir='ltr'><strong>esse</strong></span> <span class='ocrx_word' id='word_1_289' title='bbox 370 3793 578 3860; x_wconf 89' lang='lat' dir='ltr'><strong>omnimodam</strong></span> <span class='ocrx_word' id='word_1_290' title='bbox 600 3793 693 3861; x_wconf 88' lang='lat' dir='ltr'><strong>fidem</strong></span> <span class='ocrx_word' id='word_1_291' title='bbox 709 3793 921 3874; x_wconf 83' lang='lat' dir='ltr'><strong>adhibendam,</strong></span> <span class='ocrx_word' id='word_1_292' title='bbox 944 3796 975 3860; x_wconf 91' lang='lat' dir='ltr'><strong>et</strong></span> <span class='ocrx_word' id='word_1_293' title='bbox 998 3793 1136 3860; x_wconf 88' lang='lat' dir='ltr'><strong>adhiberi</strong></span> <span class='ocrx_word' id='word_1_294' title='bbox 1150 3793 1265 3873; x_wconf 78' lang='lat' dir='ltr'><strong>debere¹</strong></span> <span class='ocrx_word' id='word_1_295' title='bbox 1289 3796 1321 3859; x_wconf 89' lang='lat' dir='ltr'><strong>et</strong></span> <span class='ocrx_word' id='word_1_296' title='bbox 1335 3792 1390 3860; x_wconf 90' lang='lat' dir='ltr'><strong>de·</strong></span> 
     </span>
     <span class='ocr_line' id='line_1_31' title="bbox 143 3908 1390 3994; baseline -0.002 -18"><span class='ocrx_word' id='word_1_297' title='bbox 143 3911 258 3976; x_wconf 87' lang='lat' dir='ltr'><strong>cretum</strong></span> <span class='ocrx_word' id='word_1_298' title='bbox 283 3911 419 3975; x_wconf 90' lang='lat' dir='ltr'><strong>vestrum</strong></span> <span class='ocrx_word' id='word_1_299' title='bbox 448 3910 602 3994; x_wconf 88' lang='lat' dir='ltr'><strong>interponi</strong></span> <span class='ocrx_word' id='word_1_300' title='bbox 623 3909 657 3975; x_wconf 93' lang='lat' dir='ltr'><strong>in</strong></span> <span class='ocrx_word' id='word_1_301' title='bbox 680 3909 833 3976; x_wconf 90' lang='lat' dir='ltr'><strong>similibus</strong></span> <span class='ocrx_word' id='word_1_302' title='bbox 865 3909 991 3976; x_wconf 89' lang='lat' dir='ltr'><strong>solitum</strong></span> <span class='ocrx_word' id='word_1_303' title='bbox 1013 3929 1083 3975; x_wconf 90' lang='lat' dir='ltr'><strong>cum</strong></span> <span class='ocrx_word' id='word_1_304' title='bbox 1104 3910 1203 3976; x_wconf 91' lang='lat' dir='ltr'><strong>literis</strong></span> <span class='ocrx_word' id='word_1_305' title='bbox 1226 3908 1318 3976; x_wconf 88' lang='lat' dir='ltr'><strong>fidem</strong></span> <span class='ocrx_word' id='word_1_306' title='bbox 1343 3908 1390 3973; x_wconf 81' lang='lat' dir='ltr'><strong>f-</strong></span> 
     </span>
     <span class='ocr_line' id='line_1_32' title="bbox 143 4023 1392 4109; baseline -0.001 -19"><span class='ocrx_word' id='word_1_307' title='bbox 143 4024 294 4091; x_wconf 87' lang='lat' dir='ltr'><strong>cientibus</strong></span> <span class='ocrx_word' id='word_1_308' title='bbox 317 4027 372 4092; x_wconf 86' lang='lat' dir='ltr'><strong>ate.</strong></span> <span class='ocrx_word' id='word_1_309' title='bbox 403 4024 555 4109; x_wconf 90' lang='lat' dir='ltr'><strong>interponi</strong></span> <span class='ocrx_word' id='word_1_310' title='bbox 584 4045 680 4092; x_wconf 91' lang='lat' dir='ltr'><strong>unum</strong></span> <span class='ocrx_word' id='word_1_311' title='bbox 709 4025 844 4092; x_wconf 88' lang='lat' dir='ltr'><strong>officium</strong></span> <span class='ocrx_word' id='word_1_312' title='bbox 872 4025 906 4091; x_wconf 93' lang='lat' dir='ltr'><strong>in</strong></span> <span class='ocrx_word' id='word_1_313' title='bbox 935 4026 1094 4109; x_wconf 86' lang='lat' dir='ltr'><strong>premissis</strong></span> <span class='ocrx_word' id='word_1_314' title='bbox 1123 4023 1314 4109; x_wconf 90' lang='lat' dir='ltr'><strong>implorando</strong></span> <span class='ocrx_word' id='word_1_315' title='bbox 1337 4023 1392 4089; x_wconf 88' lang='lat' dir='ltr'><strong>otc.</strong></span> 
     </span>
     <span class='ocr_line' id='line_1_33' title="bbox 143 4140 732 4224; baseline 0 -18"><span class='ocrx_word' id='word_1_316' title='bbox 143 4141 227 4207; x_wconf 92' lang='lat' dir='ltr'><strong>salvo</strong></span> <span class='ocrx_word' id='word_1_317' title='bbox 250 4140 315 4206; x_wconf 90' lang='lat' dir='ltr'><strong>inre</strong></span> <span class='ocrx_word' id='word_1_318' title='bbox 338 4141 393 4207; x_wconf 89' lang='lat' dir='ltr'><strong>etc.</strong></span> <span class='ocrx_word' id='word_1_319' title='bbox 416 4143 447 4208; x_wconf 91' lang='lat' dir='ltr'><strong>et</strong></span> <span class='ocrx_word' id='word_1_320' title='bbox 469 4143 654 4224; x_wconf 86' lang='lat' dir='ltr'><strong>protestatur</strong></span> <span class='ocrx_word' id='word_1_321' title='bbox 677 4141 732 4206; x_wconf 89' lang='lat' dir='ltr'><strong>etc.</strong></span> 
     </span>
    </p>
   </div>
   <div class='ocr_carea' id='block_1_3' title="bbox 231 4255 1291 4325">
    <p class='ocr_par' dir='ltr' id='par_1_6' title="bbox 231 4255 1291 4325">
     <span class='ocr_line' id='line_1_34' title="bbox 231 4255 1291 4325; baseline 0 -3"><span class='ocrx_word' id='word_1_322' title='bbox 231 4255 329 4323; x_wconf 80' lang='lat' dir='ltr'><strong>Tener</strong></span> <span class='ocrx_word' id='word_1_323' title='bbox 352 4258 453 4325; x_wconf 72' lang='lat' dir='ltr'><strong>summ</strong></span> <span class='ocrx_word' id='word_1_324' title='bbox 476 4258 604 4324; x_wconf 86' lang='lat' dir='ltr'><strong>testium</strong></span> <span class='ocrx_word' id='word_1_325' title='bbox 626 4256 817 4323; x_wconf 89' lang='lat' dir='ltr'><strong>examinatus</strong></span> <span class='ocrx_word' id='word_1_326' title='bbox 839 4256 912 4322; x_wconf 88' lang='lat' dir='ltr'><strong>talis</strong></span> <span class='ocrx_word' id='word_1_327' title='bbox 935 4258 983 4323; x_wconf 89' lang='lat' dir='ltr'><strong>est</strong></span> <span class='ocrx_word' id='word_1_328' title='bbox 1005 4258 1040 4322; x_wconf 88' lang='lat' dir='ltr'><strong>ut</strong></span> <span class='ocrx_word' id='word_1_329' title='bbox 1061 4256 1141 4322; x_wconf 84' lang='lat' dir='ltr'><strong>inira</strong></span> <span class='ocrx_word' id='word_1_330' title='bbox 1165 4257 1291 4325; x_wconf 92' lang='lat' dir='ltr'><strong>videtur.</strong></span> 
     </span>
    </p>
   </div>
   <div class='ocr_carea' id='block_1_4' title="bbox 199 4487 1396 4668">
    <p class='ocr_par' dir='ltr' id='par_1_7' title="bbox 199 4487 1396 4668">
     <span class='ocr_line' id='line_1_35' title="bbox 235 4487 1396 4577; baseline 0.003 -23"><span class='ocrx_word' id='word_1_331' title='bbox 235 4487 358 4557; x_wconf 81' lang='lat' dir='ltr'><strong>Eisdem</strong></span> <span class='ocrx_word' id='word_1_332' title='bbox 368 4507 448 4556; x_wconf 92' lang='lat' dir='ltr'><strong>anno</strong></span> <span class='ocrx_word' id='word_1_333' title='bbox 457 4488 621 4558; x_wconf 89' lang='lat' dir='ltr'><strong>indictione</strong></span> <span class='ocrx_word' id='word_1_334' title='bbox 630 4489 808 4576; x_wconf 86' lang='lat' dir='ltr'><strong>pontificatu</strong></span> <span class='ocrx_word' id='word_1_335' title='bbox 819 4489 866 4556; x_wconf 92' lang='lat' dir='ltr'><strong>die</strong></span> <span class='ocrx_word' id='word_1_336' title='bbox 876 4491 940 4557; x_wconf 88' lang='lat' dir='ltr'><strong>loco</strong></span> <span class='ocrx_word' id='word_1_337' title='bbox 948 4488 1141 4577; x_wconf 88' lang='lat' dir='ltr'><strong>infrascripto</strong></span> <span class='ocrx_word' id='word_1_338' title='bbox 1150 4487 1396 4576; x_wconf 86' lang='lat' dir='ltr'><strong>postprandium.</strong></span> 
     </span>
     <span class='ocr_line' id='line_1_36' title="bbox 199 4599 1238 4668; baseline 0.012 -14"><span class='ocrx_word' id='word_1_339' title='bbox 199 4615 302 4664; x_wconf 66' lang='lat' dir='ltr'><strong>maara</strong></span> <span class='ocrx_word' id='word_1_340' title='bbox 315 4617 423 4655; x_wconf 71' lang='lat' dir='ltr'><strong>umu-</strong></span> <span class='ocrx_word' id='word_1_341' title='bbox 437 4615 485 4656; x_wconf 74' lang='grc' dir='ltr'><strong>νει.</strong></span> <span class='ocrx_word' id='word_1_342' title='bbox 1195 4599 1238 4668; x_wconf 82' lang='lat'><strong>30</strong></span> 
     </span>
    </p>
   </div>
   <div class='ocr_carea' id='block_1_5' title="bbox 0 0 1658 4904">
    <p class='ocr_par' dir='ltr' id='par_1_8' title="bbox 0 0 1658 4904">
     <span class='ocr_line' id='line_1_37' title="bbox 0 0 1658 4904; baseline 0 0"><span class='ocrx_word' id='word_1_343' title='bbox 0 0 1658 4904; x_wconf 95' lang='lat' dir='ltr'><strong> </strong></span> 
     </span>
    </p>
   </div>
  </div>
 </body>
</html>
