3192 4930
581 297 803 367 ..53.„

91 495 188 578 quidem
210 496 316 560 multis
340 495 444 559 allatis
460 494 628 559 rationibus
651 495 687 558 ul
708 493 747 557 ab
763 511 798 556 ec
820 490 946 556 consilio
962 488 1137 555 desisteret:
1161 486 1213 554 sed
1236 505 1316 554 nunc

92 613 167 675 cetera
189 611 247 676 sibi
269 629 394 676 cernens
418 609 564 687 difficilia,
594 608 633 673 ad
655 607 782 674 eandem
811 605 1058 672 deliberationem
1082 622 1229 681 reversus,
1252 601 1316 668 sive

92 725 277 809 impotentiam
299 725 437 790 nostram
460 741 626 808 agnoscens
650 723 713 788 sive
736 721 896 788 consilium
912 721 1051 786 nostrum
1074 719 1113 785 ab
1135 717 1229 784 armis
1246 736 1313 783 om·

91 839 142 904 nnc
162 841 333 906 abstinendi
362 839 548 922 intelligens,
579 839 677 904 mittit
706 837 813 903 ducem
835 836 983 902 Albaniae
1012 835 1053 900 ad
1073 833 1156 900 idem
1185 851 1314 918 regnum

91 955 311 1038 oppugnandum.
350 953 409 1034 Qui
431 974 500 1020 cum
524 973 604 1020 nunc
626 954 684 1020 iter
706 952 821 1018 faciens
843 971 896 1036 per
920 952 1009 1016 urbas
1031 953 1063 1016 11
1085 949 1233 1015 ditionem
1256 966 1312 1014 no·

93 1075 179 1149 stam,
209 1073 389 1154 sanctaeque
419 1089 560 1135 romanae
596 1069 739 1135 eeclesiae
769 1087 804 1134 ac
832 1067 903 1133 fidei
932 1068 1053 1132 nostrae
1080 1065 1313 1130 commissorum

90 1187 212 1250 1111111111
236 1205 296 1252 non
312 1185 516 1252 necessarium
532 1187 639 1262 solum,
663 1204 767 1250 verum
783 1184 877 1250 etiarn
893 1183 1010 1248 iustum
1025 1201 1091 1246 essa
1106 1181 1312 1256 censebamus,

90 1317 142 1364 cun
160 1302 195 1366 ab
217 1301 349 1366 exercitu
379 1301 469 1384 atque
499 1301 593 1365 armis
616 1321 751 1366 essemus
774 1299 857 1375 nudi,
885 1297 983 1382 pactis
1005 1299 1036 1364 et
1065 1295 1313 1362 conventionibus

91 1418 223 1499 cumipse
253 1437 325 1500 rege
355 1415 450 1494 initis,
481 1416 683 1499 nosmetipsos
714 1417 888 1497 statumque
917 1415 1056 1478 nastrum
1078 1414 1109 1478 et
1131 1413 1312 1488 nostrorum,

89 1529 168 1596 tutum
188 1532 225 1597 ab
249 1532 334 1597 cmni
355 1531 487 1614 periculo
503 1533 534 1596 11
550 1531 716 1615 suspitione
739 1530 865 1614 periculi
887 1547 1070 1595 conservare.
1103 1527 1141 1592 Iu
1163 1544 1222 1611 qna
1237 1544 1310 1591 con·

89 1644 226 1712 saltatione
248 1649 279 1712 et
295 1647 478 1730 cogitatione
501 1666 570 1712 curn
593 1665 738 1724 essemus,
754 1665 821 1711 ecca
844 1646 964 1711 litterae
980 1663 1046 1710 ven.
1069 1643 1175 1710 fratris
1191 1641 1312 1710 Nicolai

88 1759 281 1845 arcffiepiscopi
303 1761 439 1845 Capuani
461 1762 564 1826 nuncii
580 1763 685 1839 nostri,
708 1761 747 1827 ad
770 1779 824 1826 nos
840 1760 952 1826 allatae
975 1761 1055 1836 sunt,
1078 1759 1188 1843 quibus
1212 1757 1310 1842 signi·

87 1871 143 1938 1111
162 1878 351 1942 serenitatem
367 1876 503 1942 Caesaris
527 1879 630 1942 habita
655 1880 720 1942 tum
744 1877 782 1942 ad
805 1896 860 1942 nos
876 1879 907 1942 11
929 1877 1100 1941 nostrorum
1122 1873 1311 1939 voluntatem

87 1995 207 2071 respectu,
237 1993 302 2058 sine
326 1993 436 2076 quibus
458 1993 539 2058 nihil
561 1995 641 2058 esset
663 1995 794 2071 acturus,
818 1993 856 2058 ad
886 1991 1014 2058 consilia
1036 1993 1067 2056 et
1097 1987 1198 2055 studia
1227 1987 1310 2073 pacis

84 2120 240 2185 propensum
263 2127 338 2184 esse,
361 2126 421 2191 qna
443 2108 537 2173 etiam
561 2110 659 2192 spect
682 2108 791 2173 fidncia
815 2107 892 2192 quod
909 2106 1076 2172 necessarie
1099 2105 1197 2170 iacere
1219 2121 1309 2189 coge·

84 2213 173 2283 bamur
191 2221 314 2287 liberius
337 2223 473 2302 fecimus,
496 2243 589 2308 eaque
613 2224 846 2289 conventionum
865 2223 997 2306 capitula
1020 2221 1211 2287 firmavimus
1234 2239 1310 2304 qnae

85 2329 156 2397 facile
170 2339 325 2420 aperteque
340 2338 560 2416 demonstrant,
569 2338 592 2424 1)
617 2359 675 2423 quo
691 2358 745 2405 nos
761 2340 871 2417 animo,
887 2341 919 2404 et
933 2338 1040 2422 quain
1055 2356 1175 2403 omnem
1191 2338 1309 2420 partem

83 2447 210 2515 modestia
238 2454 281 2518 nil
312 2454 550 2538 quaesiverimus
580 2455 672 2533 aliud,
702 2455 764 2520 nisi
786 2454 879 2520 tidem
908 2457 940 2520 et
968 2453 1177 2527 securitatem
1206 2453 1310 2518 amen

84 2577 198 2631 seorsum
212 2587 328 2652 quoque
343 2569 606 2652 circumspectioni
629 2572 699 2634 tuae
722 2572 753 2636 et
775 2571 829 2636 isti
844 2570 1014 2635 clarissimo
1031 2569 1096 2652 regi
1111 2567 1310 2646 affirmamus,

82 2692 169 2743 onnes
196 2701 288 2759 curas,
318 2684 480 2768 cogitatus,
510 2687 702 2770 actionesque
732 2687 851 2751 nostras
881 2687 1001 2751 nullum
1031 2685 1127 2751 alium
1150 2683 1189 2749 ad
1217 2683 1310 2749 11111111

81 2808 157 2870 quam
177 2795 214 2859 ad
236 2817 395 2864 commune
418 2801 532 2865 bonum
554 2801 689 2866 intentas
720 2819 802 2878 esse,
833 2799 973 2883 cupimus
995 2799 1119 2884 quidem
1150 2798 1228 2864 salvi
1250 2799 1311 2882 ipsi

82 2921 180 2988 qnoque
201 2915 231 2976 at
252 2914 419 2980 incolumes
443 2934 523 2980 esse:
554 2916 606 2981 sed
630 2915 729 2999 siquid
752 2917 905 2999 praeterea
927 2916 1112 2982 incremento
1135 2913 1257 2980 honeris
1280 2914 1311 2978 at

80 3017 250 3092 icrtunamm
272 3032 446 3094 nostrarum
470 3049 488 3094 a
509 3031 574 3096 Dec
598 3032 712 3113 optimo
735 3031 869 3097 maximo
892 3031 1027 3097 dandam
1045 3031 1134 3110 esset,
1157 3031 1257 3096 tetum
1280 3029 1312 3096 id

81 3133 193 3204 ibenter
213 3142 252 3208 ad
273 3145 458 3227 reipublicae
488 3146 602 3214 bonurn
629 3145 798 3230 reijcimus;
828 3165 986 3231 careraque
1008 3165 1043 3213 co
1065 3165 1130 3226 nes,
1160 3144 1234 3210 duna
1262 3165 1311 3212 res

81 3249 228 3321 christiana
250 3259 371 3341 publica
392 3260 536 3343 patiatur,
559 3259 647 3326 facile
670 3262 808 3327 animum
829 3261 1010 3340 inducimus,
1033 3261 1118 3327 cuins
1141 3261 1236 3326 etiarn
1258 3279 1312 3343 pro

81 3365 163 3432 salute
184 3373 213 3435 11
242 3371 312 3440 fidei
342 3374 525 3440 christianae
553 3375 720 3456 commodo,
750 3395 838 3442 casus
868 3396 973 3444 omnes
1002 3379 1034 3442 et
1055 3376 1188 3462 pericula
1217 3393 1312 3458 aequo

80 3479 166 3548 enimc
188 3505 323 3556 essemus
340 3490 479 3556 subituri
504 3491 590 3558 Hanc
609 3491 705 3576 igitur
720 3495 949 3559 conventionem
972 3494 1003 3558 et
1018 3492 1122 3559 tcedus
1138 3490 1313 3558 concordiae

81 3599 193 3678 nostrae,
215 3607 250 3667 ut
274 3607 304 3669 at
326 3606 529 3672 necessarium
553 3609 584 3673 et
598 3608 769 3687 honestum,
792 3609 828 3673 nt
845 3610 1011 3693 approbare
1033 3609 1064 3673 at
1078 3609 1165 3693 grate
1180 3605 1313 3692 accipere

82 3715 211 3782 serenitas
246 3719 308 3784 ista
337 3721 426 3800 velit,
464 3722 764 3806 circumspectionem
794 3725 879 3788 tuam
908 3741 1091 3809 magnopere
1120 3724 1152 3788 in
1181 3721 1313 3788 Domino

81 3821 229 3910 hortamur,
253 3853 323 3899 cum
339 3835 374 3901 de
397 3839 500 3902 nostru
516 3857 588 3922 erga
611 3858 679 3904 eam
702 3839 813 3918 animo,
836 3859 870 3904 ac
888 3840 1038 3924 singulari
1059 3841 1089 3905 11
1107 3839 1218 3905 eximia
1240 3856 1313 3921 erga

81 3941 105 4002 11
130 3945 288 4026 voluntate,
319 3970 378 4016 ncn
409 3951 506 4018 selum
536 3954 569 4018 in
599 3955 643 4020 eis
673 3955 749 4038 ipsis
779 3957 1009 4021 conventionem
1038 3956 1181 4038 capitulis
1211 3956 1313 4037 aparte

81 4053 218 4141 caemar,
242 4064 296 4128 sed
320 4066 415 4130 simus
440 4087 576 4134 surnmae
606 4070 758 4135 amicitiae
781 4073 813 4136 11
835 4072 1054 4137 coniunctionis
1077 4073 1198 4136 nostrae
1220 4068 1314 4135 tidem

81 4177 238 4254 perpetuam
262 4181 447 4262 praestituri
470 4183 548 4249 Vere
571 4185 653 4250 enim
677 4189 708 4252 et
723 4188 863 4252 novimus
887 4190 917 4252 et
940 4187 1119 4254 confitemur
1141 4187 1314 4254 serenitatis

157 4424 441 4488 immurmuraverat·
460 4447 531 4494 unque
549 4437 574 4485 in
593 4437 661 4486 tinem
679 4439 860 4488 concludebatur
876 4441 949 4488 ctiam
967 4440 1066 4500 episima
1084 4441 1197 4500 superior.
