3192 4930
776 285 998 350 ..14-

264 495 392 562 aequum
421 478 453 544 et
480 476 619 542 debitum
642 477 691 542 cui
719 479 754 544 tu
783 479 958 544 satisfacere
986 477 1141 563 imprimis
1170 477 1271 558 debes,
1300 477 1422 563 Deoque
1443 495 1502 544 esse

262 595 369 676 gratus
392 592 445 675 qui
473 594 504 657 te
527 592 566 657 ad
589 592 705 676 regiam
728 593 826 658 evexit
848 593 1032 678 dignitatem
1063 595 1097 658 ut
1120 613 1202 660 esses
1225 594 1345 678 populis
1368 593 1502 658 omnibus

262 709 412 793 proficuus
435 709 467 773 et
489 709 647 784 salutarim
671 727 726 774 nos
748 710 902 792 praeterea
925 709 964 774 ad
987 728 1090 774 reram
1120 710 1288 774 utilitatem
1309 710 1396 774 tuam
1418 709 1449 774 et
1469 705 1504 771 ad

262 842 364 888 ueram
387 823 509 888 laudem
532 824 680 908 pertinere
710 825 895 890 arbitramur
925 825 1093 892 diminuere
1123 825 1315 910 aliquantum
1338 825 1375 890 de
1397 823 1503 890 iniusto

260 939 345 1004 lucro
368 941 399 1004 ct
420 940 554 1004 multum
584 939 659 1004 iusti
680 940 814 1006 honoris
832 941 993 1026 acquirere.
1039 940 1105 1008 Hac
1135 941 1172 1006 de
1201 961 1233 1006 re
1255 940 1389 1006 multum
1417 937 1504 1006 locuti

262 1073 368 1120 sumus
397 1075 467 1120 cum
497 1054 606 1120 dilecto
636 1056 668 1120 F.
691 1054 840 1121 Michaele
870 1055 954 1122 Silva
981 1057 1098 1122 oratore
1128 1056 1208 1140 apud
1236 1074 1292 1122 uos
1315 1057 1367 1122 tuo
1391 1056 1444 1140 qui
1464 1053 1505 1118 vir

260 1171 392 1253 prudens
415 1171 447 1235 et
468 1169 632 1236 admodum
645 1171 758 1254 probus
781 1171 885 1238 audire
907 1172 1009 1256 potuit
1023 1171 1198 1238 huiusmodi
1213 1172 1350 1256 querelas
1373 1173 1404 1238 et
1418 1188 1502 1255 pree-

261 1305 331 1352 sens
353 1285 524 1372 intelligere
547 1287 695 1370 quantum
717 1287 755 1352 ob
789 1305 857 1352 earn
880 1306 1003 1354 causam
1026 1286 1063 1353 de
1085 1287 1259 1353 serenitatis
1282 1288 1352 1352 tuae
1375 1286 1458 1352 fama
1479 1283 1506 1347 et

262 1403 360 1488 gloria
389 1401 574 1481 detrahatur,
603 1401 651 1468 cui
673 1401 767 1468 etiarn
797 1403 1007 1470 commisimus
1036 1405 1072 1470 ut
1094 1403 1134 1468 ad
1155 1405 1186 1468 te
1216 1402 1376 1470 scriberett
1405 1420 1461 1467 uos
1483 1398 1507 1462 si

261 1519 304 1594 tu,
327 1516 582 1602 quemadmodum
611 1515 734 1602 quidem
766 1517 851 1584 decet
874 1519 905 1584 et
933 1519 980 1583 fes
1003 1520 1058 1596 est,
1082 1519 1295 1585 auctoritatem
1324 1519 1355 1584 et
1376 1517 1507 1602 gratiam

260 1635 398 1706 nostram
419 1633 454 1698 iu
467 1652 500 1698 re
514 1632 571 1698 hac
586 1633 685 1698 valere
708 1633 789 1717 apud
803 1634 941 1700 animum
964 1637 1052 1698 tuum
1067 1634 1251 1716 permiseris,
1274 1633 1506 1714 adhibuerisque

261 1767 384 1832 operam
406 1749 438 1812 et
459 1747 652 1832 diligentiam
674 1750 710 1814 ut
739 1748 848 1814 horum
871 1748 1131 1814 incommodorum
1159 1749 1272 1814 levatio
1294 1749 1358 1825 fiat
1388 1748 1506 1831 presta-

260 1864 362 1929 bimus
384 1864 443 1929 tibi
465 1863 522 1929 hoc
537 1865 635 1930 multo
657 1864 765 1929 utilius
780 1866 812 1929 et
826 1863 984 1930 honestius
998 1863 1144 1945 futurum,
1166 1865 1291 1948 gratum
1305 1863 1366 1948 ipsi
1388 1861 1514 1946 quidem

261 1983 292 2045 et
314 1978 446 2063 maxime
469 1980 625 2063 acceptum
648 1998 667 2044 a
688 1982 743 2044 tua
765 1980 928 2046 serenitate
950 1979 1087 2045 habituri
1110 1999 1224 2046 sumus.
1261 1979 1378 2045 Datum
1396 1979 1510 2043 Romae

261 2097 319 2160 Die
340 2113 419 2160 nona
441 2094 558 2178 Aprilis
582 2094 726 2161 mdmiiii.
771 2095 988 2178 Annoprimo.

860 2357 910 2422 12.

664 2517 843 2579 cardinali
866 2512 1103 2600 Campegio.¹)

348 2673 466 2740 Dilecta
488 2672 535 2738 iili
562 2673 666 2739 nostor
694 2673 750 2738 etc.
796 2670 884 2753 Quod
913 2673 1021 2738 scribit
1049 2673 1166 2738 educe
1196 2672 1428 2760 circumspectio
1459 2674 1513 2737 tua

259 2811 326 2857 esse
348 2809 384 2855 er
399 2807 524 2855 numero
545 2789 670 2853 illorum
684 2788 865 2872 principum,
888 2807 1015 2873 quorum
1031 2790 1062 2854 et
1075 2788 1221 2854 nobilitas
1243 2790 1274 2855 et
1288 2789 1387 2854 virtus
1402 2787 1515 2872 magui

260 2925 278 2971 a
301 2903 388 2972 uobis
412 2877 549 2970 iacienda
571 2905 627 2983 est,
651 2903 704 2988 qui
725 2905 831 2986 optent
853 2903 927 2968 cleri
942 2901 1124 2970 Germaniae
1146 2904 1400 2982 reformationem,
1427 2903 1513 2968 mul·

260 3023 387 3105 tumque
416 3038 484 3085 eam
507 3039 572 3085 rem
601 3017 813 3084 adtollendus
845 3018 1008 3084 seditiones
1038 3020 1069 3084 et
1091 3019 1242 3084 tumultus
1266 3018 1516 3086 scismaticorum

258 3135 448 3220 profuturam
472 3135 665 3211 arbitrentur,
687 3133 720 3198 id
742 3133 830 3200 uobis
859 3134 1031 3218 intelligere
1053 3134 1113 3199 fuit
1134 3134 1404 3200 iucundissimum:
1439 3132 1517 3218 quid

259 3251 341 3318 enim
363 3249 447 3314 eliud
469 3269 523 3315 uos
546 3251 744 3334 posteaquam
766 3248 805 3313 sd
834 3249 891 3315 hoc
913 3249 1066 3332 pastorale
1088 3249 1223 3315 officium
1245 3247 1349 3314 divina
1372 3249 1517 3314 bonitate

259 3365 358 3432 vocati
386 3365 501 3430 fuimus
523 3366 577 3430 aut
606 3365 807 3448 cogitavimus
830 3366 884 3429 aut
913 3365 1086 3448 optavimus
1116 3383 1208 3447 quam
1238 3364 1272 3429 in
1298 3363 1429 3430 'ecclesia
1456 3363 1519 3429 Dei

258 3481 407 3565 corrigere
429 3499 505 3565 quae
528 3481 691 3565 depravata
714 3481 786 3546 sunt
808 3482 839 3546 et
861 3479 948 3544 illam
970 3480 1004 3544 in
1026 3479 1186 3563 antiquum
1202 3479 1394 3562 splendorem
1416 3499 1520 3563 purae

258 3598 290 3662 et
312 3615 399 3662 verae
421 3595 578 3680 reliffl'onis
599 3599 759 3661 revocare?
782 3596 868 3661 cuius
890 3596 988 3661 nostri
1005 3593 1147 3660 desiderii
1162 3593 1262 3660 Deum
1284 3597 1396 3661 testem
1411 3595 1520 3662 habe-

258 3731 328 3778 mus
350 3712 382 3777 et
404 3711 703 3795 circumspectionem
724 3710 819 3777 etiam
841 3712 942 3775 tuam:
967 3710 1020 3776 sed
1041 3709 1204 3795 quominus
1226 3708 1395 3776 stetim'ab
1419 3711 1521 3778 initio

258 3827 480 3894 inhonorem
510 3829 647 3912 etopus
678 3826 932 3905 incumberemus,
962 3825 1041 3891 aliae
1070 3826 1225 3910 graviores
1254 3827 1286 3891 et
1311 3825 1523 3893 instantiores

352 4031 370 4092 ί)
388 4033 527 4082 horontius
544 4031 681 4094 csnpsoins
697 4033 853 4082 Bononiensis
869 4035 910 4092 oui
931 4036 988 4094 post
1004 4035 1093 4082 obitum
1117 4032 1197 4080 uxoris
1215 4044 1271 4081 suso
1293 4033 1391 4080 Bonam
1414 4038 1526 4084 recatus

260 4131 340 4190 ‚brevi
365 4132 400 4180 sic
416 4131 478 4180 iuter
503 4133 606 4180 maros
624 4131 699 4180 ltotse
716 4132 844 4190 auditores,
869 4133 897 4178 ut
914 4132 950 4180 sit
967 4130 1083 4192 miscus,
1108 4130 1207 4204 ostentm
1225 4132 1250 4177 et
1274 4129 1392 4190 probihts
1414 4135 1528 4183 emicuit

259 4233 286 4278 ut
304 4231 388 4288 dirum
407 4229 524 4278 rideretur
541 4229 582 4288 qui
600 4229 625 4277 iu
643 4229 790 4277 arduissimis
808 4228 885 4290 Papae
903 4229 1004 4286 neronis
1022 4229 1156 4276 mitteretur
1174 4230 1198 4274 iu
1215 4227 1378 4276 Genusuism‘
1396 4229 1473 4286 prins
1495 4234 1527 4280 sd

258 4327 443 4375 blsximdiauurn
461 4327 631 4388 imperatorem,
650 4327 741 4386 deiude,
758 4327 884 4375 cardinalis
904 4328 987 4386 iactus,
1011 4327 1040 4374 sd
1060 4327 1186 4374 Germanos
1203 4328 1308 4386 ternpore
1326 4323 1402 4372 Caroli
1426 4327 1457 4386 V,
1481 4345 1529 4391 pm

260 4425 361 4479 nesebin
379 4423 494 4470 &clasiae
512 4423 641 4471 sbntbcro
660 4427 765 4473 vexatae.
