3152 4902
750 248 996 320 -158-

131 529 137 542 .
245 445 356 516 lectam
378 463 444 514 esse
466 443 664 514 arbitraretur
687 445 725 512 ed
748 465 841 532 quam
863 446 920 514 boc
943 447 1066 514 tentum
1088 445 1179 514 decus
1202 445 1381 531 perueniret
1404 444 1485 530 proti·

245 562 373 630 eiscenti
393 561 433 628 ad
454 561 485 627 te
507 561 652 627 mandate
674 562 706 627 et
727 563 959 628 commissiones
981 565 1102 630 nostres
1126 562 1325 628 traderemus
1370 561 1487 644 Deque
1560 618 1561 676 1

244 679 367 746 homine
389 677 533 762 quonium
555 678 582 744 is
604 677 693 744 nobis
716 678 896 744 notissimus
918 681 967 744 est
988 681 1019 744 et
1037 678 1121 744 domi
1143 680 1266 744 nostrae
1288 678 1374 744 omni
1395 676 1487 742 studio

244 794 511 862 coniunctissimus
533 792 567 858 in
589 812 648 876 qum
670 793 735 875 ipse
757 794 967 861 occurere
989 795 1100 878 exegit,
1120 813 1284 879 possumus
1301 813 1404 860 rernm
1428 795 1488 857 tuae

245 913 321 980 ser.ti
340 909 551 976 testimouium
572 907 652 986 dare,
675 909 706 974 et
727 908 864 976 docbina
880 929 951 976 eum
973 912 1005 977 et
1019 911 1146 976 consilio
1168 910 1309 995 precipue
1333 908 1439 985 velere
1459 925 1488 971 eo

244 1045 354 1112 genere
375 1027 478 1092 eutem
499 1023 660 1090 oriundum
683 1042 719 1089 ex
741 1043 800 1108 quo
821 1016 921 1090 caree
944 1026 1107 1092 memoriae
1129 1026 1281 1110 principes
1304 1043 1340 1089 ae
1361 1023 1487 1107 impera·

245 1145 325 1210 tores
348 1141 423 1208 olim
438 1137 734 1224 Constantinopolim
748 1143 840 1224 atque
863 1140 941 1206 illud
954 1141 1119 1226 imperium
1142 1143 1313 1216 tenuerunt
1337 1139 1437 1206 studio
1450 1139 1488 1202 ite

245 1257 387 1324 affectum
414 1254 591 1322 christianis
621 1255 710 1320 rebus
733 1255 765 1320 et
795 1256 889 1322 saluti
911 1275 947 1322 ac
975 1257 1150 1323 liberationi
1177 1256 1296 1342 patriae
1325 1275 1399 1322 sues
1420 1272 1489 1340 quae

246 1375 334 1441 vetus
356 1371 410 1438 illu
433 1373 464 1438 et
486 1369 597 1437 nobilis
622 1367 731 1436 Grecis
753 1372 809 1449 est
839 1372 873 1437 ut
895 1391 1052 1455 nunquam
1074 1371 1227 1440 destiterit
1249 1372 1349 1456 quoad
1376 1371 1489 1438 licium

245 1490 304 1557 luit
325 1487 406 1572 apud
428 1504 631 1572 quoscumque
660 1485 742 1570 loqui
765 1487 793 1551 ei
815 1487 874 1552 furit
904 1487 1010 1553 datum
1034 1489 1149 1554 instare
1172 1508 1294 1554 monere
1323 1490 1489 1572 urgerent

245 1604 386 1672 civilibus
401 1603 480 1668 inter
503 1599 685 1666 christianos
702 1601 791 1668 bellis
814 1603 946 1682 emmsis,
970 1603 1049 1670 illud
1063 1604 1180 1670 bellum
1202 1605 1366 1690 gereretur,
1389 1603 1423 1668 in
1438 1619 1488 1685 quo

245 1741 304 1788 uno
319 1721 437 1786 vincere
452 1717 621 1802 preclarum
643 1717 674 1783 et
696 1717 873 1802 gloriosum,
896 1718 977 1786 unci
992 1738 1061 1786 vero
1084 1739 1140 1788 nec
1154 1721 1242 1806 turpe
1264 1739 1319 1788 nec
1334 1719 1489 1786 exitiosum

245 1839 334 1918 esset,
357 1851 502 1919 cumpro
525 1831 646 1898 onusto
669 1832 800 1900 Domino
829 1834 1037 1901 militantibus
1060 1853 1143 1902 mors
1165 1837 1330 1919 optabilior
1351 1854 1418 1901 esse
1439 1833 1487 1899 de·

245 1955 317 2022 beat
339 1971 431 2038 quam
453 1950 487 2016 in
509 1949 599 2016 bellis
622 1967 698 2033 quae
721 1965 740 2014 a
762 1947 884 2016 Christo
915 1951 1015 2017 aliana
1039 1952 1111 2018 sunt
1132 1952 1267 2020 victoria
1313 1949 1488 2036 anquem

244 2071 277 2138 in
298 2070 356 2134 hoc
378 2067 458 2134 bello
481 2065 514 2130 in
536 2082 594 2148 quo
616 2082 718 2130 rerum
741 2064 978 2132 christianarum
1001 2066 1085 2132 salue
1108 2069 1140 2133 et
1161 2068 1361 2152 amplificatio
1384 2085 1487 2152 prope·

243 2186 334 2263 nitur,
358 2201 412 2248 uec
434 2180 471 2247 de
502 2180 626 2246 victoria
649 2199 704 2244 nee
726 2181 763 2245 de
785 2182 884 2264 gloria
912 2185 943 2246 te
965 2180 1040 2249 duce
1062 2185 1094 2249 et
1115 2186 1244 2264 auctore,
1268 2185 1296 2249 si
1318 2186 1348 2250 te
1371 2185 1405 2249 iu
1427 2202 1487 2248 eam

243 2298 459 2386 cogitationem
481 2294 653 2376 contuleris,
679 2299 729 2360 est
758 2295 969 2364 dubitandum.
1030 2297 1115 2378 Quod
1146 2317 1217 2364 cnm
1246 2317 1302 2366 nos
1333 2296 1488 2383 aliquando

243 2415 339 2481 oculis
360 2431 504 2496 usurpare
526 2412 558 2477 et
579 2412 665 2477 tanto
688 2410 748 2476 frui
769 2411 881 2496 gaudio
903 2413 1066 2497 possimus,
1089 2413 1257 2499 duplexque
1278 2415 1313 2480 in
1335 2413 1440 2482 eadm
1461 2431 1489 2478 re

244 2529 423 2598 beneficium
446 2527 484 2592 ab
507 2526 714 2610 omnipotente
728 2527 792 2593 Deo
815 2527 956 2612 accipere,
980 2530 1016 2594 ut
1037 2531 1069 2594 et
1083 2528 1180 2614 ipsius
1203 2548 1315 2598 nomen
1336 2550 1373 2596 ec
1387 2529 1489 2596 entho-

244 2647 335 2713 lieam
350 2644 442 2710 fidem
465 2645 587 2708 anetem
601 2644 859 2728 propagatamque
874 2643 1040 2723 rideamus,
1063 2647 1094 2711 et
1108 2647 1147 2712 ab
1170 2665 1205 2712 eo
1222 2647 1359 2732 principe
1374 2649 1489 2714 auctam

245 2763 294 2828 cui
316 2760 395 2828 nibil
417 2761 465 2824 est
487 2759 552 2824 mm
568 2757 699 2824 sublime
721 2760 812 2844 utqm
834 2759 973 2842 amplum
988 2759 1068 2844 quod
1089 2779 1150 2826 non
1168 2761 1253 2828 omni
1274 2761 1386 2828 affectu
1400 2761 1490 2828 animi

245 2875 351 2944 adesse
373 2876 463 2960 atque
478 2873 597 2940 evenire
619 2873 792 2958 cupiamua3
815 2872 854 2939 ad
868 2875 925 2940 has
941 2874 1037 2958 igitur
1058 2877 1124 2942 tam
1139 2876 1257 2943 nobiles
1279 2879 1311 2943 et
1325 2879 1490 2963 praeclarus

244 2992 445 3079 cogitationes
466 2989 623 3056 homiuem
652 2988 806 3056 mittimus
830 3009 949 3056 summe
971 2992 1077 3074 aptum
1101 3009 1136 3056 ac
1158 2991 1310 3071 idoneum,
1341 2994 1395 3079 qui
1416 2994 1489 3058 uires

245 3109 430 3194 consiliaque
452 3105 597 3184 hostium,
626 3103 680 3189 qui
702 3104 803 3170 studia
825 3123 861 3170 ac
883 3106 1055 3170 voluntates
1078 3107 1201 3173 illorum
1230 3109 1412 3192 populorum
1432 3109 1488 3174 im·

246 3225 354 3310 primis
378 3221 471 3300 novit,
493 3237 586 3306 eaque
615 3223 716 3304 potest
739 3224 815 3286 ser.ti
841 3221 912 3286 tuae
941 3221 1189 3288 commodissime
1209 3223 1368 3307 explicare
1413 3221 1490 3304 Quae

247 3342 275 3408 si
298 3347 393 3408 serbe·
415 3339 469 3404 tua
491 3339 579 3422 grute
601 3355 636 3402 ac
658 3335 832 3402 humaniter
854 3337 1011 3420 exceperit,
1035 3355 1070 3403 ec
1092 3357 1163 3404 cum
1186 3356 1220 3403 eo
1243 3339 1407 3405 contulerit
1420 3355 1491 3422 quae

247 3455 381 3523 suntad
401 3453 524 3520 tanmm
547 3451 706 3538 negocium
729 3453 905 3536 opportuna,
928 3451 1078 3535 fidemque
1099 3453 1148 3518 illi
1170 3455 1285 3520 certem
1314 3453 1490 3530 adhibuerit,

247 3571 407 3658 cognoscet
436 3587 468 3634 se
491 3586 552 3634 non
574 3569 673 3632 solum
702 3567 869 3632 maximam
891 3585 926 3634 er
955 3566 1011 3632 hoc
1039 3567 1163 3634 homine
1185 3569 1363 3649 utilitatem
1393 3588 1490 3636 rerum

246 3686 341 3754 etiam
363 3685 494 3770 gloriam
516 3701 636 3767 sperare
657 3701 754 3767 posse,
776 3681 866 3766 idque
889 3683 923 3747 ut
939 3681 1031 3748 faciet
1052 3683 1140 3750 illurn
1163 3702 1355 3768 summopere
1378 3686 1409 3750 in
1430 3683 1489 3748 Do·

249 3803 332 3870 mino
360 3818 526 3885 precamur.
579 3799 694 3864 Dotum
716 3799 833 3864 Romae
855 3799 910 3864 ete.
940 3797 989 3864 die
1012 3799 1105 3865 xviiii.
1128 3798 1216 3864 Junii
1238 3799 1358 3866 mdrrv.
1408 3801 1490 3865 Anno

248 3917 385 3987 secunde

338 4149 475 4216 Andreae
504 4147 644 4234 Ungenis
672 4145 852 4232 provinciali
882 4143 1063 4212 Germaniae
1098 4083 1250 4213 inferioris
1280 4149 1312 4214 et
1340 4147 1428 4216 Petro
1456 4143 1490 4208 de

249 4265 442 4352 Novimagio‚
465 4266 497 4331 et
519 4261 686 4330 Guillelmo
709 4262 747 4329 de
760 4262 855 4328 Alton
876 4261 991 4328 ordinis
1013 4261 1236 4346 predicatorum
1258 4299 1302 4310 -
1326 4265 1361 4330 ut
1382 4261 1492 4348 possint

250 4381 406 4447 absoluere
428 4380 617 4445 Lutheranos
640 4378 859 4462 resipiscentes.
884 4415 927 4424 -
949 4377 1037 4442 Junii
1058 4397 1104 4444 ιι
1149 4375 1238 4444 Anno
1261 4379 1296 4443 ut
1319 4397 1416 4463 supra
