3132 4910
736 327 891 398 -324
934 362 979 378 -·

320 525 504 594 Beatissimo
532 526 626 609 pater.
677 523 755 591 (lum
783 543 837 609 per
865 525 964 592 totam
993 525 1055 591 iero
1085 523 1286 592 Germaniam
1313 525 1463 592 Lutherana

230 642 346 709 heresis
367 640 632 727 pernitiosissime,
654 640 730 724 proh
753 639 846 720 dolor,
869 640 1070 708 disseminata
1091 641 1244 724 pullulare
1270 659 1306 707 ao
1328 641 1462 726 sigelin

230 757 295 824 <lies
318 757 419 844 magis
443 776 477 823 ao
500 755 601 840 magis
630 755 758 840 incipiat
780 774 841 822 non
864 756 897 821 in
927 756 1114 822 secularibus
1137 755 1229 823 modo
1259 756 1312 823 sed
1334 756 1462 822 etiamin

229 873 443 940 aeclesiasticis
456 870 602 956 personis,
618 889 674 938 uos
688 889 806 955 quoque
820 889 874 955 pro
884 871 1000 937 viribus
1015 872 1079 937 iom
1088 871 1277 956 supprimere
1292 874 1323 939 et
1331 873 1460 956 extirpare

229 1008 380 1069 conemur,
402 988 447 1055 ita
469 990 504 1053 ut
526 987 673 1053 minimus
696 987 793 1071 ipsius
815 1004 919 1053 rumor
939 988 974 1053 in
995 989 1100 1054 nostra
1122 987 1238 1054 ditione
1260 989 1402 1056 haetenus
1420 1005 1462 1051 er·

230 1104 344 1182 litorii:
367 1104 481 1171 mirum
496 1103 529 1169 in
544 1101 669 1168 modum
692 1102 830 1169 dolemus
852 1102 933 1187 quod
947 1123 1009 1170 uon
1023 1102 1106 1169 idom
1129 1121 1246 1188 quoque
1262 1103 1318 1170 fiat
1339 1102 1463 1170 oriens

230 1221 344 1286 eiroum
365 1237 421 1286 noe
443 1217 493 1284 hie
510 1216 696 1302 principibus
719 1219 785 1285 tam
807 1217 1024 1284 aeclesiasticis
1046 1236 1140 1302 quum
1156 1218 1352 1298 seoularibus,
1373 1218 1421 1304 qui
1434 1219 1462 1282 ot

229 1333 318 1402 nobis
332 1333 459 1413 videtur,
482 1333 582 1399 multa
596 1331 828 1400 oounirontibus
850 1332 947 1400 oeulis
961 1334 1145 1418 permittunt
1167 1336 1199 1401 et
1213 1333 1465 1416 dissimulantque

230 1470 290 1518 nou
313 1450 478 1518 admodum
500 1447 620 1514 difficili
642 1467 732 1533 opera
754 1448 902 1534 impedire
925 1451 957 1515 et
979 1449 1142 1534 reprimere
1164 1452 1297 1534 possent
1343 1449 1415 1516 Eam
1433 1448 1464 1513 oh

229 1584 355 1634 oausam
378 1563 552 1631 humillime
574 1565 767 1630 obsocramus
790 1566 825 1630 ut
848 1583 871 1630 s.
894 1584 920 1630 r.
945 1564 1089 1650 dignetur
1110 1565 1188 1650 ipsis
1215 1565 1397 1632 authoritate
1416 1581 1465 1648 qus

231 1681 370 1766 iungitur
399 1679 564 1764 apostoliea
593 1661 738 1746 mandare
768 1680 803 1744 ut
825 1679 1005 1764 diligentius
1034 1680 1227 1765 aliquatenus
1253 1680 1386 1747 hanoin
1412 1697 1465 1744 mu

229 1796 474 1862 animadvertant
504 1797 535 1862 ot
557 1794 728 1879 invigilent
753 1814 790 1860 ne
818 1795 909 1861 belua
931 1796 987 1862 heo
1010 1789 1179 1862 multorom
1208 1796 1345 1882 capitum
1366 1793 1466 1862 Christi

228 1912 387 1979 seelestam
410 1912 503 1977 simul
517 1930 587 1979 eum
602 1914 723 1994 pastore
737 1909 892 1977 oloribus
909 1911 973 1977 suis
989 1911 1159 1991 absorbeat
1182 1910 1262 1995 qnod
1278 1930 1370 1997 quam
1383 1909 1466 1977 mise·

228 2027 325 2093 rahilo
345 2028 377 2093 ot
391 2025 536 2093 horribile
558 2025 695 2092 intumm
710 2027 792 2092 esset
814 2025 883 2111 quis
898 2024 997 2094 dieere
1019 2026 1139 2110 possiti
1162 2025 1228 2092 Nos
1245 2045 1314 2095 roro
1336 2025 1465 2112 qnoniam

228 2140 308 2227 apud
322 2142 543 2210 oeulosiastioas
557 2159 701 2226 personas
725 2160 785 2209 uon
801 2141 931 2208 minima
945 2141 1038 2208 huius
1060 2143 1137 2209 muli
1158 2143 1280 2227 partam
1295 2144 1391 2210 latera
1404 2159 1464 2210 sen·

226 2258 322 2324 timus
337 2259 369 2324 et
382 2257 416 2324 in
425 2257 563 2324 thrietos
571 2257 697 2323 Domini
711 2276 836 2325 manum
853 2259 990 2325 nostram
1006 2258 1129 2324 mittere
1143 2277 1205 2325 non
1220 2258 1374 2338 audemus,
1389 2255 1466 2324 unio

226 2392 287 2439 uon
310 2374 410 2440 solum
432 2373 507 2440 utile
530 2372 583 2440 sod
605 2373 636 2440 et
657 2373 862 2440 neeessariam
885 2373 948 2439 iore
970 2371 1122 2440 oredimus
1145 2375 1180 2439 ut
1202 2374 1291 2441 nohis
1313 2376 1465 2460 quoquest

227 2489 335 2555 ueteris
361 2488 453 2556 dietis
481 2487 669 2574 principibus
698 2488 894 2555 authoritatis
924 2491 1024 2556 restro
1047 2489 1211 2574 apostoliea
1240 2490 1384 2557 mandato
1404 2507 1465 2573 per·

226 2603 368 2670 mittatur
389 2603 514 2671 lieentia
535 2603 569 2670 in
592 2605 707 2671 rootam
729 2603 800 2670 illos
823 2603 989 2671 christiane
1010 2604 1169 2690 religionis
1192 2605 1275 2671 sium
1298 2624 1318 2672 a
1338 2603 1466 2690 petibus

225 2720 300 2788 olim
322 2720 498 2788 institutam
520 2721 552 2788 et
573 2721 660 2786 teuto
682 2719 745 2786 iam
768 2721 904 2805 tompore
927 2720 1148 2787 sauotitiesimo
1169 2722 1364 2787 obseruatum
1386 2718 1465 2786 roin-

226 2835 313 2903 ooudi
335 2855 371 2902 ao
399 2854 469 2902 oum
498 2836 605 2903 etloetn
626 2835 763 2921 eogendi,
794 2836 952 2922 supplieiis
974 2836 1069 2903 etiam
1099 2835 1242 2903 extremis
1266 2836 1377 2904 sinon
1399 2834 1466 2902 rosi·

224 2951 346 3037 puerint
367 2951 527 3018 afficiendi
557 2951 768 3018 Prestebimus
789 2969 878 3018 omno
901 2951 1110 3037 quodcumque
1130 2951 1319 3036 potuerimus
1341 2951 1466 3020 offioium

224 3065 317 3134 otiam
342 3066 369 3133 ei
391 3085 463 3151 opos
478 3085 583 3134 omnes
606 3069 726 3133 uestras
741 3085 849 3151 corpus
872 3068 902 3134 el
919 3065 1017 3134 vitam
1039 3066 1169 3152 deniqne
1185 3067 1288 3153 ipsam
1302 3067 1467 3153 impendero

223 3180 427 3248 neeessariam
451 3181 550 3261 hrerit
574 3201 634 3249 non
656 3180 790 3248 defuturi
813 3201 919 3249 sumus
942 3181 1065 3268 nogotio
1087 3182 1160 3249 huie
1181 3184 1248 3250 tam
1264 3187 1369 3251 saneto
1390 3184 1465 3248 tam·

223 3317 281 3382 quo
296 3316 364 3364 rere
386 3297 555 3364 neeessario
579 3297 607 3363 si
627 3297 716 3364 modo
732 3298 949 3365 austeritatem
970 3298 1050 3365 hano
1064 3300 1202 3365 nostram
1219 3299 1369 3367 sineoram
1384 3316 1466 3384 quam

223 3412 317 3479 etiam
340 3411 631 3479 ehristianissimam
654 3433 721 3480 esse
743 3432 804 3480 non
819 3413 1005 3493 dubitamus,
1029 3413 1293 3500 obedientiamque
1315 3434 1418 3482 vorum
1438 3432 1466 3477 ae

221 3527 358 3594 debitam
380 3527 612 3608 confirmaverit,
643 3528 822 3595 mandatnm
845 3528 1042 3595 authoritatis
1073 3531 1173 3596 vestre
1195 3529 1361 3614 apostoliea
1383 3547 1466 3615 quam

221 3641 361 3709 Christus
384 3641 534 3709 Dominus
557 3642 683 3711 ooolosie
706 3660 758 3709 sue
781 3644 985 3728 gubernaculo
1007 3623 1316 3730 tauoutem'longera
1337 3643 1465 3711 inomni

222 3759 367 3826 felicitate
397 3759 560 3826 conservet.
607 3759 650 3824 Er
680 3758 789 3842 oppido
819 3761 922 3826 nostro
945 3759 1083 3826 hruhom
1105 3760 1148 3827 iii.
1172 3760 1339 3827 Februarii
1385 3763 1465 3827 Anno

220 3874 338 3941 mdrxr.

981 4105 1260 4175 Oboiientissimus
1282 4108 1367 4175 lilius

917 4219 1043 4289 Carolus
1066 4222 1134 4290 Dur
1157 4213 1260 4290 Golria
1282 4226 1313 4290 ot
1333 4223 1420 4290 Julio

974 4333 1140 4423 &mosque
1163 4337 1297 4425 Zopanie
1317 4340 1377 4406 eta

1037 4448 1163 4520 Oharlos
1187 4453 1242 4541 (m
1258 4455 1308 4541 p).
