3128 4908
561 297 807 366 -237—

75 495 195 563 cohibere
217 494 352 584 potuerit
374 494 448 580 quin
471 513 504 561 se
526 495 575 560 rel
591 495 712 579 praelio,
737 493 765 562 si
787 493 884 561 nostri
899 493 1033 562 conferre
1055 513 1181 564 manum
1204 493 1308 576 velint

75 613 114 676 rel
127 612 337 696 expugnationi
352 613 383 678 et
399 611 561 696 direptioni
576 610 704 678 urbium
729 609 756 676 si
771 609 918 676 cesserint
939 611 1080 696 puratum
1095 611 1310 695 ardentemque

74 727 170 806 offeret,
192 747 262 794 cum
278 731 383 794 contra
398 747 416 792 a
431 729 517 812 parte
533 729 637 794 nostra
652 727 732 792 nihil
748 725 913 792 admodum
930 727 996 810 spei
1017 729 1071 792 aut
1085 726 1212 793 fiduciae
1230 727 1309 792 nibil

74 843 142 908 firmi
162 843 324 927 apparatus
349 845 397 909 sit
444 841 530 924 Quod
552 841 799 928 praemonuimus
829 841 952 926 quidem
974 843 1064 908 antea
1087 861 1176 928 saepe
1197 845 1228 908 ct
1250 844 1307 909 ob-

73 959 164 1024 testati
185 979 292 1024 sumus
308 961 373 1024 tam
398 965 501 1026 ser.toln
518 961 604 1024 tuam
627 976 719 1042 quam
734 958 867 1042 reliquos
887 957 1070 1024 christianos
1091 957 1252 1044 prinsipes,
1276 961 1310 1023 ut

73 1072 136 1136 ierre
157 1092 242 1158 opem
257 1075 381 1140 mittere
404 1073 552 1140 auxilium
575 1073 682 1140 fulcire
697 1074 819 1140 ruinam
842 1073 931 1158 regui
945 1073 1131 1140 nobilissimi
1153 1093 1222 1140 cum
1239 1095 1307 1140 rne-

72 1189 141 1252 rims
161 1189 396 1255 christianitatis
411 1189 543 1274 pernicie
566 1189 666 1256 casuri
689 1189 750 1254 nisi
774 1209 828 1256 sua
845 1190 972 1274 quisque
997 1209 1051 1275 pro
1065 1191 1152 1274 purte
1174 1207 1262 1274 opem
1278 1193 1309 1254 et

73 1321 182 1370 nanum
191 1305 356 1386 attulisset,
373 1305 493 1371 vellent
511 1302 593 1385 Quae
611 1305 637 1370 si
652 1325 755 1390 preces
771 1306 887 1371 monita
896 1305 1173 1392 obtestationesque
1188 1308 1309 1372 nostrae

72 1418 139 1502 apud
153 1419 290 1486 animum
306 1422 393 1486 tuum
414 1420 584 1486 valuissent
605 1423 637 1488 et
659 1421 798 1502 aliorum
820 1423 925 1488 tantae
948 1439 1028 1490 nunc
1043 1421 1229 1488 calamitatis
1252 1421 1307 1489 do-

72 1535 153 1601 lorem
174 1554 234 1602 nou
249 1537 460 1621 acciperemus.
506 1538 552 1601 Ao
574 1555 629 1602 nos
646 1536 768 1621 quidem
784 1536 816 1602 id
833 1536 1093 1622 suppeditauimus
1109 1537 1215 1604 auxilii
1229 1535 1309 1621 quod

71 1651 225 1732 potuimus;
248 1653 363 1718 etenim
379 1651 417 1718 ad
439 1653 520 1718 bunc
535 1651 618 1720 diam
641 1672 709 1736 spes
725 1652 849 1718 illerum
873 1653 1032 1720 nationum
1048 1652 1161 1720 nostris
1177 1652 1309 1718 maxime

71 1767 214 1848 praesidiis
229 1769 343 1834 nostris
357 1767 494 1852 pecuniis
511 1770 682 1835 sustentate
697 1770 753 1848 est,
766 1786 904 1852 nuncque
919 1768 1057 1851 peditum
1066 1769 1199 1853 quinque
1213 1768 1309 1848 milia

70 1882 173 1966 comtes
195 1883 340 1950 ducentos
364 1885 420 1950 sub
443 1884 541 1970 signis
563 1885 597 1952 in
618 1885 757 1970 Ungsria
778 1885 938 1960 babemus;
961 1903 1057 1968 neque
1079 1883 1163 1950 eliud
1185 1884 1308 1950 firmum

70 2001 98 2061 ut
117 1999 210 2065 adbuc
232 2002 357 2086 apparet
379 2001 413 2066 in
434 2000 488 2066 illo
511 2003 598 2067 muto
612 2002 698 2068 metu
712 2003 744 2068 et
758 2001 890 2086 periculo
906 1999 1078 2084 Ungsricae
1100 1999 1219 2066 notioni
1234 2000 1308 2065 sub·

70 2113 177 2180 sidium
223 2114 283 2180 Sed
307 2116 334 2180 si
362 2119 536 2201 temporum
558 2117 590 2182 et
619 2135 721 2182 rerum
744 2116 819 2181 dura
849 2115 1016 2182 necessitas
1046 2135 1101 2184 uos
1132 2115 1308 2182 domesticis

71 2228 164 2295 Italae
192 2233 282 2298 rebus
312 2232 485 2316 impendere
514 2233 632 2316 partem
664 2251 752 2298 curae
782 2233 812 2296 et
834 2231 900 2315 opis
923 2249 985 2298 non
1006 2231 1171 2315 coegisset,
1200 2230 1309 2296 maiori

70 2345 151 2410 ctiam
172 2347 283 2413 auxilio
307 2347 466 2414 subvenire
489 2347 538 2413 illi
561 2367 654 2432 regno
677 2347 841 2412 fuissemus
864 2347 973 2414 consti
1012 2347 1127 2414 Verum
1150 2349 1253 2414 nmen
1277 2347 1308 2412 in

71 2463 160 2528 nostro
181 2481 268 2546 opere
290 2463 381 2547 atque
403 2462 502 2530 officio
533 2463 635 2548 ecquis
658 2481 730 2528 nam
753 2462 855 2529 extitit
877 2463 1062 2530 christianus
1085 2463 1233 2547 princeps,
1257 2463 1308 2547 qui

72 2578 175 2657 partem
197 2578 357 2644 nobiscnm
379 2578 510 2645 soluerit
539 2578 688 2644 sustinere
715 2578 829 2644 laboris
852 2581 883 2644 et
905 2578 1074 2664 impendii?
1105 2597 1175 2644 cum
1204 2581 1307 2644 tumen

72 2693 151 2758 ceteri
170 2694 389 2780 temporalibus
412 2695 500 2762 bonis
523 2714 541 2760 c
563 2694 695 2762 Domino
717 2695 782 2760 Dec
805 2695 906 2780 magis
928 2713 1020 2780 quam
1036 2714 1091 2761 uos
1113 2693 1215 2760 ornati
1236 2693 1307 2770 sint,

73 2823 101 2871 ac
120 2811 280 2876 ceterorum
302 2809 490 2878 florentiores
518 2829 582 2892 res,
613 2813 735 2877 nostrae
764 2811 796 2876 st
824 2810 915 2876 buius
945 2809 1074 2878 Sanctae
1097 2809 1184 2878 Sedis
1212 2810 1306 2876 vehe-

73 2927 175 2992 menter
189 2926 313 2992 sttritae
335 2927 367 2992 et
381 2927 559 2993 extenuatae
582 2927 653 2992 sint.
684 2926 775 2992 Nunc
790 2926 865 2992 bueo
888 2945 1008 2992 summa
1024 2928 1078 2992 est
1109 2927 1308 3010 Deplorotum

73 3041 98 3102 et
117 3041 261 3123 perditum
292 3042 477 3108 christianae
500 3043 697 3127 reipublicae,
728 3041 791 3107 nisi
812 3042 895 3106 Deus
924 3043 1043 3124 potenti
1072 3061 1126 3107 sue
1155 3061 1249 3108 manu
1278 3045 1307 3107 et

74 3155 163 3222 celesti
182 3177 238 3242 ope
259 3157 424 3242 provideat
447 3177 577 3242 regnum
597 3176 665 3224 esse
694 3157 963 3234 florentissimum
993 3159 1047 3224 eut
1068 3157 1163 3224 etiam
1186 3157 1308 3241 siquid

74 3271 162 3338 auxili
189 3273 221 3339 in
243 3274 421 3339 christianis
451 3273 639 3358 principibus
668 3293 735 3340 esse
757 3275 858 3358 potest
887 3272 948 3340 nisi
971 3275 1090 3340 mature
1112 3273 1143 3338 et
1172 3273 1308 3338 celeriter
1355 3333 1357 3338 ,

75 3387 260 3470 subveniatur,
283 3391 427 3474 exiguum
450 3389 490 3455 ad
512 3391 642 3474 tempus,
665 3408 760 3476 regnu
782 3390 815 3456 et
836 3391 902 3456 loco
925 3389 980 3455 illa
1004 3388 1107 3456 omnin
1129 3388 1168 3453 sd
1186 3389 1308 3472 tyranni

75 3499 221 3572 lbrcerum
243 3525 355 3574 nomen
370 3508 402 3571 et
416 3506 586 3589 potentium
604 3525 770 3586 accessura,
793 3509 828 3572 ut
843 3506 930 3572 uobis
954 3503 1089 3589 quotidie
1112 3504 1145 3569 in
1160 3504 1308 3588 ungulum

76 3622 159 3705 uagis
180 3623 310 3690 redactis
333 3623 557 3702 denuncietis,
580 3622 632 3689 iile
655 3622 695 3687 ad
718 3622 778 3687 sibi
801 3622 903 3689 omniu
934 3619 1156 3687 subiiciendum
1178 3621 1210 3685 et
1231 3621 1306 3684 viri·

77 3731 121 3800 bus
141 3739 200 3804 suis
223 3741 254 3804 et
269 3740 373 3804 nostra
397 3738 587 3823 negligentia
608 3738 664 3803 fiat
684 3738 826 3822 paratior.
867 3737 948 3803 Haec
964 3737 1128 3803 scribimus
1150 3735 1197 3800 fili
1212 3753 1307 3800 carsne

77 3849 222 3920 adseram
245 3857 332 3920 tuam
354 3855 496 3920 omnibus
519 3854 607 3920 illam
637 3853 776 3938 precibus
806 3853 1013 3931 obsecrantes,
1044 3852 1080 3916 ut
1101 3851 1182 3916 tanti
1210 3850 1306 3916 detri-

79 3970 156 4034 neuti
176 3989 194 4035 a
215 3971 383 4038 christiano
406 3971 528 4037 nomine
542 3969 741 4054 propulsandi
763 3969 896 4054 aliquam
920 3967 1008 4034 uobis
1024 3969 1142 4052 partem
1166 3968 1197 4033 et
1220 3967 1305 4031 solli·

78 4081 222 4152 citudinem
245 4087 284 4152 ad
307 4087 446 4153 animum
468 4089 556 4152 tuum
585 4085 756 4171 pervenire,
785 4084 923 4171 quodque
953 4101 1041 4168 saepe
1064 4083 1179 4149 hortati
1201 4101 1307 4148 sumus

79 4196 103 4262 id
121 4203 255 4284 praesidii
277 4204 400 4270 mittere
422 4203 502 4288 quod
525 4203 573 4268 vel
595 4201 731 4286 pecuniis
753 4202 801 4268 vel
823 4201 918 4266 armis
941 4200 1134 4284 ingruentem
1157 4197 1307 4282 impetum

80 4313 144 4381 tenti
163 4317 257 4386 bostis
281 4319 383 4404 eliqua
405 4338 441 4386 er
455 4319 541 4404 parte
564 4319 702 4384 cohibere
716 4319 822 4402 possit.
868 4318 934 4384 Hoc
955 4318 1059 4382 autem
1073 4313 1216 4399 petimus,
1240 4315 1307 4378 tum

80 4435 180 4516 propter
207 4436 343 4504 debitum
374 4456 432 4522 quo
455 4437 519 4504 Deo
542 4455 574 4502 es
597 4436 750 4514 astrictus,
781 4438 846 4500 tum
876 4435 998 4520 propter
1030 4430 1164 4498 officium
1188 4429 1308 4516 quode
