3192 4930
793 267 1015 338 ...52-

273 471 304 534 et
326 485 416 536 mens
439 463 529 544 esset,
551 467 586 530 nt
607 485 675 532 cnm
699 466 803 531 omnia
825 465 863 531 ad
885 468 917 532 te
938 469 1070 550 referret,
1093 475 1269 543 ostenderet
1285 481 1393 550 tamen
1415 485 1514 552 intelli·

272 605 344 672 gere
359 605 393 652 se
407 599 514 668 pacem
528 579 578 646 his
593 583 779 648 calamitosis
803 585 989 666 temporibus
1005 587 1136 653 afflictae
1157 591 1386 663 christianitati
1401 601 1514 665 marine

271 721 339 770 esse
360 695 580 769 maenam:
609 699 684 764 haee
706 698 878 764 litterarum
902 699 1086 783 significatio
1114 725 1171 770 nos
1193 707 1375 778 fidentiores
1397 715 1466 781 fecit
1485 715 1513 780 ad

270 813 512 886 amrcnientlum
540 831 610 878 cnm
631 834 701 900 rege
730 815 804 898 ipso,
834 816 869 878 ut
891 834 960 879 cum
990 818 1083 882 saluti
1112 823 1143 884 et
1172 823 1399 908 tranquillitati
1427 852 1512 896 rerum

269 939 445 1002 maturum
460 929 692 1010 consuleremus,
714 931 764 995 his
781 929 875 996 etiam
894 931 1037 1014 auspiciis
1053 953 1129 1016 quae
1145 939 1290 1020 optamus
1314 947 1346 1009 et
1370 966 1511 1030 precamur

270 1049 389 1130 mihtin,
411 1043 537 1130 reliquis
559 1045 640 1112 viam
661 1049 693 1112 et
714 1046 773 1112 iter
789 1045 1000 1110 sanctissimae
1022 1049 1105 1132 pacis
1128 1053 1371 1126 ostenderemus.
1395 1061 1510 1127 Noster

269 1171 372 1233 annm
395 1179 492 1230 norae
514 1161 721 1228 conventionis
743 1161 877 1244 capitula
906 1161 965 1226 etsi
988 1162 1055 1245 ipsa
1084 1165 1173 1232 facile
1202 1173 1369 1257 aperteque
1399 1177 1510 1242 domon-

269 1284 370 1348 stant
391 1331 398 1346 .
423 1329 431 1344 .
454 1273 495 1362 .¹)
541 1275 621 1341 Data
642 1297 669 1343 r.
693 1275 833 1344 Januarii
855 1276 973 1341 manv.
1019 1279 1108 1344 Anno
1131 1284 1270 1350 secundo.

868 1519 920 1584 37.

781 1665 1010 1725 Eboracensi.

353 1803 472 1872 Dilecto
495 1799 542 1866 lili
564 1804 665 1867 noster
687 1803 742 1868 ete.
788 1801 826 1865 In
855 1801 939 1866 omni
961 1805 1070 1868 eventu
1098 1819 1199 1870 rerum
1229 1809 1385 1879 credimus
1407 1834 1460 1880 nos
1479 1818 1505 1879 et

264 1921 327 1988 Deo
349 1921 381 1990 ct
403 1917 506 1986 debito
521 1918 624 1982 nostro
647 1916 820 1982 satisfacere
844 1915 871 1980 si
893 1916 932 1980 ab
954 1918 1069 1999 optima
1091 1921 1188 2002 patris
1210 1927 1387 1994 mmmunis
1408 1931 1507 1995 volun·

262 2037 333 2117 tate,
362 2037 395 2103 et
422 2053 442 2100 e
470 2031 692 2100 conservandae
720 2031 792 2115 reip.
823 2031 1007 2097 christianae
1036 2033 1202 2118 cupiditate
1234 2056 1297 2105 non
1326 2041 1508 2108 maninus.

262 2153 307 2220 hc
337 2169 501 2240 possumus
530 2147 669 2214 fortassis
699 2147 782 2220 falli;
813 2146 866 2211 sod
888 2147 993 2212 tamen
1022 2167 1075 2232 pro
1105 2153 1186 2216 certo
1217 2154 1368 2222 habemus
1391 2161 1423 2224 et
1443 2177 1509 2243 pene

261 2267 423 2334 manifesto
445 2263 606 2342 cernimus,
629 2265 731 2329 tantos
754 2261 972 2327 christianitati
994 2263 1125 2330 afflictae
1147 2269 1256 2346 metus,
1280 2271 1369 2337 tanta
1384 2273 1507 2356 pericula

259 2379 441 2468 impendere,
463 2379 500 2444 ut
515 2377 576 2444 nisi
590 2378 740 2444 Dominus
755 2377 838 2444 Deus
855 2395 909 2444 sna
923 2377 1071 2444 ineffabili
1086 2380 1294 2449 misericordia
1316 2405 1405 2470 opem
1429 2390 1507 2455 ferat

258 2498 410 2584 insignem
432 2496 568 2580 aliquam
597 2493 716 2560 ruinam
739 2494 828 2558 rebus
851 2493 1026 2559 christianis
1056 2496 1192 2578 proxima
1222 2501 1340 2567 aestate
1369 2507 1502 2586 paratam

258 2632 324 2679 esse
345 2612 564 2697 intelligamus.
588 2607 675 2688 Quod
697 2628 751 2676 nos
774 2607 896 2693 quidem
920 2627 979 2674 non
994 2609 1169 2676 destitimus
1198 2614 1371 2695 praedicare
1394 2621 1427 2684 et
1442 2639 1504 2684 mo-

259 2749 336 2807 nera,
365 2729 440 2796 haec
468 2724 590 2810 penitus
619 2743 704 2790 arma
733 2725 897 2800 horrentes,
927 2742 1003 2807 quae
1031 2725 1064 2790 in
1087 2727 1252 2809 perniciem
1275 2731 1506 2799 christianitatis

257 2846 430 2929 assumpta,
453 2861 508 2908 nec
523 2839 705 2924 pertinaciae
727 2839 829 2916 tinam,
853 2859 907 2904 noc
922 2839 1028 2905 damni
1049 2841 1080 2905 et
1102 2842 1290 2910 calamitatis
1306 2846 1426 2914 faciunt
1441 2869 1503 2914 mo-

258 2959 339 3026 dum.
392 2956 452 3024 Sed
481 2959 585 3022 tamen
613 2975 682 3021 cum
711 2955 745 3021 in
773 2953 871 3020 officio
902 2955 972 3019 boui
1002 2957 1134 3038 pastoris
1163 2960 1413 3028 constantissime
1443 2984 1508 3048 per·

258 3074 453 3152 stitissemua
476 3076 508 3138 et
530 3089 565 3136 er
589 3071 646 3136 Dei
668 3090 704 3136 ao
727 3069 790 3135 veri
818 3069 971 3154 pontificis
994 3071 1104 3150 debito,
1128 3075 1159 3138 et
1181 3073 1285 3158 inopia
1307 3078 1401 3142 etiam
1420 3079 1507 3144 huius

257 3189 327 3258 sas
350 3187 438 3256 Sedis
459 3207 515 3254 nos
537 3187 569 3255 in
586 3185 691 3252 eadem
715 3185 866 3251 sententia
889 3184 1101 3252 confirmante:
1125 3188 1245 3272 egimus
1269 3191 1424 3277 hucusque
1441 3214 1508 3277 pre·

255 3305 340 3373 cibus
356 3303 551 3389 consiliisque
566 3305 600 3368 ut
614 3302 698 3385 pacis
713 3301 875 3385 aliquando
890 3301 1046 3379 ineundae,
1065 3305 1096 3368 ot
1111 3305 1285 3371 concordiae
1302 3309 1505 3375 conciliandae

256 3421 334 3488 ratio
357 3421 532 3494 botronatum
563 3419 628 3484 sine
658 3437 717 3501 qua
746 3436 819 3502 pace
841 3417 1050 3483 christianitas
1080 3418 1119 3483 ad
1148 3421 1318 3488 extremum
1347 3423 1508 3490 interitum

256 3538 337 3604 essct
358 3535 422 3602 iam
445 3534 606 3620 perductn3
629 3553 683 3599 neo
706 3534 787 3598 ullae
810 3533 914 3600 tamen
937 3551 1032 3612 aures,
1052 3535 1105 3598 aut
1127 3535 1260 3602 ullorum
1283 3537 1380 3604 animi
1402 3559 1508 3606 eorum

254 3652 307 3738 qui
329 3651 471 3718 inarmis
489 3653 568 3730 sunt
591 3649 714 3716 vocibus
730 3648 827 3714 adhuc
843 3649 956 3714 nostris
972 3648 1050 3713 veris
1074 3651 1104 3714 et
1124 3651 1309 3718 salutaribus
1332 3659 1508 3736 paruerunt

252 3769 353 3853 Igitur
375 3767 517 3834 omnibus
532 3765 660 3832 tentatis
677 3765 743 3844 viis,
766 3784 837 3830 cum
852 3763 947 3829 nichil
969 3783 1023 3846 par
1037 3782 1092 3829 nos
1115 3765 1208 3832 luerit
1222 3769 1400 3852 profectum,
1418 3773 1507 3854 plus·

251 3904 309 3969 que
331 3883 501 3968 aliquorum
524 3881 688 3948 obstinatio
718 3900 810 3963 quam
833 3883 937 3944 nostra
959 3879 1085 3944 consilia
1107 3882 1267 3962 valuerint,
1298 3885 1507 3967 superioribus

253 4019 322 4068 vero
345 3999 451 4066 diebus
468 3999 652 4066 Francorum
668 4016 717 4062 rer
734 3997 848 4062 viribus
871 3995 1024 4080 copiisque
1040 3997 1210 4080 prepollens
1230 4017 1355 4064 manum
1370 4001 1511 4066 militurn

252 4115 292 4182 ad
313 4135 442 4202 regnum
458 4113 696 4198 Neapolitanum
719 4111 900 4178 tonandum
923 4112 1045 4176 mittere
1068 4111 1262 4191 instituisset
1291 4113 1412 4197 egimus
1437 4119 1512 4183 tuno

344 4333 362 4393 ¹)
382 4331 445 4392 Quae
462 4335 592 4392 coquuntur
610 4319 668 4380 aaut
685 4331 764 4380 eadem
785 4345 811 4379 ao
824 4331 848 4378 in
867 4330 968 4389 epistola
986 4331 1092 4388 mouenti
1114 4331 1349 4389 montmercantin,
1368 4335 1397 4380 nt
1408 4337 1512 4382 notatur

249 4429 279 4482 ta
296 4429 414 4494 onglnall·
