3128 4908
560 282 804 348 -alo—

62 473 186 542 idrinno
202 474 431 560 praedecessore
445 477 550 542 nostro
566 473 663 542 missa
678 474 785 554 luerat,
800 473 956 552 auximum
972 491 1027 541 noe
1042 474 1106 540 iam
1121 473 1304 559 aliquotiens

61 591 166 670 bordei,
187 590 295 670 tritioi,
317 591 451 675 pulveris
465 610 527 658 uon
542 590 725 658 mediocrem
747 609 909 657 numerum
924 589 964 656 nd
982 588 1198 656 sustentandas
1221 607 1305 656 eroes

63 707 192 774 oleariae
215 707 374 784 misimns3
397 725 453 774 nos
474 708 581 774 urbem
603 705 738 774 liboeum
761 707 809 772 bis
832 724 851 772 o
872 705 980 772 iureis
1001 706 1159 774 obsessum
1180 707 1212 772 et
1230 723 1306 790 pene

62 825 183 908 onplnm,
206 825 311 892 nostro
334 823 409 890 ilem
432 823 481 890 bis
503 824 636 907 sumptu,
659 823 766 890 nostra
787 840 860 888 oure
882 821 1090 902 liberavimus,
1120 820 1305 906 utquisque

61 938 152 1005 ineis
173 937 350 1024 regionibns
374 939 440 1023 opis
462 938 587 1024 indigus
609 939 665 1017 est,
694 937 740 1004 ita
762 937 802 1004 ad
823 957 879 1006 nos
902 956 990 1022 opem
1019 937 1150 1022 petitum
1172 935 1305 1015 advenit,

61 1073 128 1138 quos
149 1073 207 1121 nos
230 1073 291 1121 non
306 1053 437 1120 sinimus
459 1072 569 1120 raouoe
592 1054 657 1138 spei
672 1053 798 1140 opisque
820 1053 981 1120 disoodere.
1027 1053 1067 1120 lle
1085 1053 1160 1120 huso
1174 1051 1305 1120 tnoimus

60 1170 136 1236 omni
163 1169 227 1254 ipsi
255 1188 325 1255 ope,
355 1169 498 1237 omnibus
524 1189 617 1256 prope
639 1170 841 1255 vestigalibus
870 1168 1018 1236 destituti
1064 1169 1172 1236 Vinoit
1200 1170 1305 1234 tomen

59 1285 193 1351 voluntas
216 1284 438 1370 imminutiam,
461 1288 493 1353 et
514 1285 587 1352 fidei
608 1303 644 1352 ao
666 1283 827 1352 eharitatis
850 1285 951 1353 studio
977 1283 1175 1352 difficultates
1198 1303 1304 1352 omnes

60 1403 240 1485 superantur.
286 1397 372 1482 Quae
393 1420 463 1467 oum
486 1419 505 1467 a
526 1399 615 1467 nobis
637 1401 714 1467 dant
737 1419 858 1468 summa
881 1401 1017 1486 egestate
1039 1399 1201 1485 oppressis,
1230 1398 1304 1486 quid

60 1516 366 1601 nteerpeotnndum
393 1517 442 1583 est
470 1515 517 1582 tili
547 1515 742 1595 charissime,
779 1515 813 1581 in
850 1535 940 1600 quem
969 1515 1070 1584 omnis
1100 1515 1216 1582 summi
1245 1515 1304 1582 Dei

60 1631 251 1700 benefioentia
273 1634 339 1698 tarn
361 1633 446 1718 large
474 1635 505 1698 et
527 1631 717 1700 abundanter
739 1631 835 1698 effuse
857 1633 928 1698 est?
972 1629 1079 1717 Neque
1100 1649 1157 1698 uos
1179 1633 1210 1698 be
1234 1649 1302 1697 mo·

59 1767 161 1815 nemus
183 1747 277 1815 offioii
298 1749 329 1814 et
351 1747 456 1826 debiti,
482 1747 516 1815 in
537 1749 583 1816 eis
604 1747 781 1833 regionibus
803 1747 894 1816 oeleri
916 1749 947 1816 et
969 1749 1137 1833 opportrmo
1159 1747 1303 1832 pecuniae

59 1863 188 1932 subsidio
210 1863 400 1942 adiurandis,
429 1882 488 1948 quo
509 1864 574 1930 iam
597 1865 737 1948 eusoepto
760 1863 845 1932 oneri
866 1865 898 1930 et
919 1863 1074 1948 impendio
1096 1861 1302 1946 nosmetipsos

59 1977 265 2056 eubduoamus,
286 1981 448 2064 partesqm
470 1979 563 2046 etiam
587 1981 708 2048 noemae
729 1979 764 2047 in
785 1980 1059 2047 tetransforamus.
1106 1975 1166 2046 Sed
1188 1979 1223 2044 ub
1245 1995 1302 2044 no·

59 2095 170 2162 bisonm
192 2115 253 2163 una
275 2095 315 2162 ad
337 2095 492 2163 ferendam
521 2115 609 2180 opem
638 2095 688 2163 illi
709 2113 803 2182 regno
825 2099 856 2162 te
885 2095 1027 2180 aooingae
1048 2095 1082 2162 in
1104 2095 1250 2161 bonorem
1272 2095 1304 2160 et

60 2212 184 2277 salutem
206 2211 453 2290 christianitatis
476 2211 562 2278 ouius
584 2211 644 2279 tibi
657 2211 863 2292 ineolumitss,
885 2229 978 2296 prope
993 2229 1089 2295 aequa
1110 2229 1147 2277 ex
1168 2211 1255 2295 parte
1269 2226 1305 2275 ao

58 2325 141 2392 nobis
162 2326 374 2393 oommendnta
396 2329 451 2394 ost
497 2324 582 2408 Quae
604 2327 633 2393 si
653 2327 708 2394 illa
723 2327 840 2412 inelyte
862 2327 985 2394 natione
1000 2325 1124 2406 amissa,
1146 2325 1305 2392 monast

59 2442 162 2508 mutila
175 2441 256 2508 faeta
270 2441 372 2522 inerit,
395 2442 622 2528 deformatoque
637 2461 767 2528 eorpore,
783 2442 863 2510 hano
877 2442 972 2510 etiam
986 2443 1093 2508 uotam
1107 2441 1179 2508 tuae
1193 2439 1304 2507 aetatis

60 2557 152 2624 soemo
172 2557 328 2638 inusserit,
350 2560 386 2624 ut
407 2560 439 2624 te
460 2577 556 2644 usquo
578 2557 653 2626 adeo
674 2558 801 2626 florente
824 2559 855 2625 ot
872 2557 1087 2643 praepollente,
1110 2555 1302 2623 immanissi-

61 2671 117 2738 mis
137 2673 240 2740 tamen
261 2673 403 2740 hostibus
417 2673 538 2759 prodita
560 2676 592 2741 et
613 2674 733 2742 abieoto
747 2673 843 2740 inisse
865 2672 1012 2742 rideatur.
1057 2669 1141 2754 Quid
1161 2673 1194 2739 te
1208 2687 1302 2758 quee-

62 2805 160 2854 somus
180 2807 253 2874 opes
275 2791 356 2867 bone,
385 2789 458 2873 quid
481 2787 653 2874 imperium,
681 2788 756 2874 qnid
778 2787 922 2856 riotoriae
949 2788 1088 2873 insignes
1117 2787 1305 2854 adiurabnnt

62 2901 98 2967 ad
117 2902 289 2971 dilmndnm
312 2905 465 2972 maonlem
488 2904 622 2972 nominis
645 2903 715 2971 tui?
757 2901 858 2986 Quam
879 2904 919 2971 ad
941 2903 1041 2971 Deum
1065 2901 1304 2988 omnipotentem

63 3035 176 3086 mosam
190 3019 327 3086 dolorm
343 3024 398 3088 er?
420 3020 501 3106 apud
515 3039 607 3106 quem
622 3022 703 3088 oerte
719 3020 846 3088 dioerma
860 3024 916 3100 est,
932 3019 1052 3104 quando
1067 3021 1184 3086 coetera
1201 3017 1305 3085 omnia

64 3134 165 3202 oadnoe
185 3139 217 3204 et
238 3135 402 3204 interitura
425 3135 506 3216 sunt,
529 3155 606 3221 opus
628 3135 787 3222 religionis
810 3138 842 3203 et
863 3135 989 3222 pietatis
1012 3135 1112 3202 solum
1133 3135 1183 3202 est
1204 3135 1303 3200 aeter·

65 3267 136 3316 umn
180 3250 242 3318 Sed
263 3251 339 3318 baeo
361 3253 436 3336 agat
457 3251 540 3318 idem
562 3252 617 3318 ille
639 3251 832 3336 omnipotens
854 3253 947 3332 Deus,
977 3253 1013 3318 ut
1033 3251 1125 3336 longe
1147 3249 1211 3316 sint
1232 3266 1252 3315 a
1273 3250 1305 3316 te

66 3365 144 3450 atque
164 3367 203 3434 nb
226 3368 328 3434 aetate
349 3369 463 3445 nostra,
492 3369 586 3452 tuque
608 3367 711 3451 potius
733 3385 811 3452 quae
840 3366 1045 3434 inriotissimo
1073 3383 1145 3450 rege
1166 3366 1198 3432 et
1220 3363 1303 3431 obri·

66 3481 242 3550 mmeelnn
257 3481 385 3549 Caesam
407 3482 501 3568 digne
517 3484 598 3562 sunl,
620 3483 747 3569 ngendn
768 3482 912 3568 paranda,
934 3481 1132 3567 nauandeque
1147 3480 1305 3565 suscipias,

67 3595 153 3682 llqm
174 3597 296 3666 utinam
325 3615 399 3683 pooo
421 3597 502 3666 inter
522 3599 554 3665 te
583 3617 745 3684 regemque
774 3599 960 3666 Franeomm
988 3597 1157 3676 oouoilinta
1185 3595 1223 3663 do
1245 3615 1305 3680 qua

67 3728 187 3780 umores
208 3714 357 3780 renerent
386 3713 463 3780 satis
491 3714 676 3794 constantes,
704 3713 750 3779 ita
772 3715 939 3799 opportuno
961 3713 1106 3797 tempore,
1134 3714 1171 3779 ut
1192 3710 1304 3778 innotis

67 3825 147 3894 ono
166 3829 249 3896 una
270 3828 344 3896 nona
365 3829 499 3914 nanque
522 3829 652 3910 amma,
675 3829 703 3895 o
725 3812 815 3897 moue
837 3847 896 3914 qux
910 3829 978 3913 lpse
1000 3847 1071 3896 vers
1091 3829 1149 3908 et,
1171 3830 1203 3895 ea
1224 3827 1302 3894 nem

68 3940 148 4010 simol
167 3947 199 4011 et
220 3943 462 4012 miserioordiam
485 3945 541 4013 Dei
571 3945 756 4013 immortalis
779 3962 885 4013 omnes
914 3944 1144 4012 admiraremur.
1189 3944 1304 4009 Verum

68 4075 133 4139 quae
158 4060 230 4128 boio
258 4059 392 4145 periculo
414 4063 446 4128 et
467 4061 653 4147 propinquae
684 4061 857 4129 oalamitmi
884 4060 1107 4146 propulsandae
1134 4057 1305 4126 neoessaria

69 4175 137 4252 sunl,
156 4177 191 4242 ut
205 4175 355 4244 serenitas
377 4177 431 4242 tna
446 4177 477 4243 et
492 4175 551 4244 Dei
573 4175 710 4244 eiusdem
728 4177 759 4243 et
781 4176 877 4244 debiti
892 4176 941 4244 sni
962 4178 994 4243 el
1008 4175 1125 4260 patriae
1147 4173 1305 4259 avitaeque

69 4283 179 4356 ditionis
200 4307 272 4358 suaa
294 4309 395 4370 eausa,
418 4292 466 4357 est
487 4291 572 4359 enim
593 4291 721 4358 dustria
748 4291 822 4359 boio
845 4291 978 4376 periodo
1006 4289 1141 4358 finitima
1162 4288 1304 4368 marimo,

71 4407 199 4486 mute,
220 4408 340 4474 mature
362 4407 470 4492 pieque
486 4407 609 4492 ogitet,
632 4407 722 4491 etque
737 4405 858 4485 ollioiat,
881 4407 968 4472 illam
989 4405 1023 4472 in
1038 4405 1169 4470 Domim
1191 4403 1303 4470 adhor-
