3258 4904
633 233 879 302 -471-

126 429 234 497 andire
256 430 361 514 petens
377 429 567 514 pronuntiari
589 432 620 497 et
642 427 797 510 declarari,
821 433 855 496 ut
878 430 956 496 alias
979 432 1009 496 et
1026 428 1194 496 successive
1217 429 1381 496 dictumst

125 566 182 612 seu
205 545 286 612 diota
316 547 543 629 transumptum
573 565 626 612 seu
649 546 854 630 tramsumpta
883 546 1060 625 auscultari,
1090 547 1121 612 et
1144 564 1197 610 seu
1227 544 1380 612 committi

124 661 165 727 ad
188 660 422 728 auscultandum
451 680 504 745 per
533 661 651 745 ahquos
678 661 812 728 notarios
842 661 942 727 diotre
971 661 1107 728 civitatis
1129 661 1292 727 Ravennae
1318 679 1380 725 una

123 777 254 844 insimul
277 795 346 844 cum
362 776 443 844 dicto
466 776 608 844 diudiee
624 779 655 844 et
678 777 896 856 commissario,
920 777 1030 862 quibus
1054 775 1235 842 auscultatis
1257 777 1289 842 et
1304 795 1377 842 oon-

123 893 243 959 eordari
264 893 398 959 inventis
428 911 498 959 eum
521 892 612 959 dictis
635 913 738 960 eornm
767 893 898 978 propriis
920 893 1122 978 originalibus
1145 893 1176 959 et
1198 891 1378 958 matricibus

121 1009 317 1092 pronunciari
340 1009 372 1074 et
394 1008 541 1076 declarari
563 1009 638 1074 bene
661 1011 692 1074 et
714 1008 854 1092 legitime
883 1009 978 1076 fuisso
1001 1011 1032 1076 et
1054 1027 1122 1076 esse
1144 1008 1324 1088 auscultata,
1347 1007 1379 1074 et

121 1124 253 1191 insimul
275 1123 448 1192 concordari
470 1124 595 1191 inventa
617 1125 753 1209 ipsisque
781 1124 972 1208 pronuntiari
995 1125 1027 1190 et
1049 1123 1196 1192 declarari
1218 1123 1256 1190 de
1278 1124 1377 1190 cetero

121 1242 300 1324 perpetuam
332 1241 364 1306 et
394 1239 601 1307 indubitatam
639 1240 731 1307 fidem
761 1239 898 1306 adhiberi
930 1259 996 1307 esse
1027 1240 1061 1307 in
1092 1239 1203 1307 iudicio
1232 1241 1263 1306 et
1292 1239 1376 1306 entra

121 1356 395 1440 auctoritatemque
417 1355 531 1440 pariter
546 1357 577 1422 et
591 1356 747 1424 demotum
762 1355 914 1440 interponi
929 1356 1059 1441 predicti
1074 1355 1190 1423 domini
1205 1356 1375 1441 potestatis,

121 1473 152 1538 et
174 1471 381 1538 commissarii
402 1490 438 1538 ao
460 1471 595 1556 prefatae
625 1491 764 1540 cesareae
787 1472 968 1553 maiestatis,
1000 1475 1031 1540 et
1060 1472 1144 1539 omni
1173 1472 1233 1539 alio
1256 1470 1377 1538 meliori

121 1587 213 1655 modo
235 1590 291 1656 etc.

212 1705 355 1771 Presente
378 1703 458 1771 dieto
474 1703 597 1770 domino
613 1702 740 1770 Nicolao
763 1703 844 1771 dicto
866 1704 998 1784 nomine,
1021 1706 1052 1771 ot
1066 1703 1193 1789 prefatis
1208 1701 1373 1770 inherendo

120 1817 263 1886 omnibus
286 1819 356 1885 ahie
371 1819 463 1886 dictis
485 1819 617 1903 exceptis
633 1821 664 1886 et
685 1819 841 1903 replicatis
857 1820 993 1903 presenti
1015 1819 1064 1887 dio
1083 1818 1201 1886 dicente
1216 1837 1277 1886 non
1299 1838 1373 1885 eon·

120 1934 234 2001 sentire
256 1953 372 2002 necnon
394 1933 513 2002 dicente
534 1953 595 2000 non
610 1953 677 2002 esse
699 1934 920 2002 deveniendum
942 1935 983 2000 ad
997 1936 1149 2002 novitates
1172 1935 1285 2020 petitas
1303 1953 1373 2001 cum

119 2069 179 2116 non
204 2049 268 2116 sint
290 2050 374 2116 iuxta
403 2050 534 2116 formam
557 2049 589 2116 et
610 2051 747 2117 tenorem
776 2049 936 2116 literarum
958 2050 1165 2135 imperialium
1195 2049 1249 2117 sed
1271 2048 1373 2135 potius

120 2167 224 2232 contra
247 2166 378 2232 formam
400 2185 513 2245 earum,
543 2185 561 2230 a
584 2184 643 2250 qua
666 2165 764 2232 forma
793 2166 912 2233 dicente
934 2167 1016 2232 nolle
1045 2165 1181 2233 recedere
1203 2184 1259 2233 nec
1288 2183 1372 2232 rece·

119 2281 251 2350 dandum
275 2301 341 2348 esse
369 2302 423 2367 per
452 2280 604 2364 prefatum
627 2280 655 2347 d
685 2283 836 2365 pretorem
860 2283 891 2348 et
919 2282 1022 2368 ipsum
1051 2282 1162 2348 habere
1192 2279 1372 2348 mandatum

119 2397 289 2465 limitatum
317 2399 356 2464 ab
379 2397 423 2463 ill.
447 2396 475 2463 d
499 2395 573 2463 duce
596 2397 662 2463 eius
692 2397 866 2483 principale,
897 2416 997 2482 aquo
1019 2416 1081 2464 non
1110 2397 1289 2465 intendente
1317 2413 1373 2463 nec

119 2513 181 2580 eius
204 2513 283 2579 fines
304 2512 478 2598 transgredi
499 2512 582 2578 ultra
604 2513 683 2597 qnod
706 2513 784 2579 dixit
806 2513 887 2598 quod
909 2514 966 2580 hec
988 2531 1079 2581 mane
1101 2512 1225 2579 tuemnt
1247 2511 1370 2577 auscul-

118 2629 181 2694 tata
204 2631 236 2694 et
258 2629 484 2712 transumptata
507 2629 624 2694 asserta
645 2627 851 2696 msbumenta
873 2647 935 2696 non
956 2629 1132 2696 authentica
1154 2647 1210 2694 nec
1231 2625 1371 2712 legitime

118 2744 342 2828 transumptata
365 2743 444 2828 quod
460 2743 587 2811 minimo
602 2744 697 2810 ctiam
719 2744 787 2811 fieri
809 2745 910 2830 potuit
926 2747 1027 2813 stante
1049 2745 1148 2812 forma
1170 2744 1269 2812 dicae
1284 2761 1368 2810 com·

118 2859 272 2927 missionis
287 2859 464 2944 imperialis,
480 2860 529 2926 cui
546 2859 659 2926 termae
673 2859 837 2928 inherendo
852 2863 1039 2946 protestatus
1055 2861 1123 2942 fuit
1138 2862 1170 2928 et
1184 2857 1370 2945 protestatur

118 2974 151 3040 dc
172 2975 316 3042 nullitate
338 2974 437 3042 dictae
452 2976 740 3061 transumptationis
762 2977 794 3044 et
816 2977 1048 3043 auscultationis
1070 2975 1154 3042 iuxta
1177 2975 1272 3042 etiam
1286 2973 1368 3040 faeta

118 3089 194 3156 dieta
209 3092 241 3156 et
251 3090 419 3174 protestata
433 3111 486 3175 por
501 3091 603 3175 ipsum
618 3093 674 3158 hoc
683 3109 773 3158 mane
782 3110 884 3158 coram
898 3091 1015 3176 prefato
1024 3091 1147 3158 domino
1157 3088 1367 3156 commissario

117 3206 146 3270 ot
166 3205 285 3289 prelata
307 3205 425 3272 dicente
449 3205 614 3289 excipiente
638 3208 669 3272 et
691 3207 878 3291 protestante
899 3207 984 3272 omni
1006 3206 1127 3273 meliori
1148 3203 1237 3271 medo
1260 3205 1316 3270 ete.

201 3319 262 3401 Qui
285 3320 467 3406 magnificus
490 3321 518 3387 d.
541 3322 677 3405 potestas
700 3324 731 3388 et
760 3322 989 3389 commissarius
1019 3321 1127 3388 sedens
1150 3321 1205 3388 ete.
1228 3317 1366 3404 predicta

117 3434 239 3502 admisit
261 3435 288 3502 si
310 3436 396 3502 etin
419 3439 568 3520 quantum
589 3438 622 3503 et
643 3437 798 3504 commisit
827 3436 977 3521 predictas
1001 3437 1167 3521 scripturas
1198 3432 1365 3501 auscultari

119 3548 220 3617 debere
242 3550 384 3618 videlicet
405 3552 599 3636 transumpta
621 3572 691 3619 cum
714 3571 818 3620 eorum
840 3553 970 3637 propriis
992 3551 1193 3638 originalibus
1215 3547 1364 3616 adhibitis

118 3665 210 3734 tribus
233 3666 361 3734 notariis
383 3666 527 3734 videlieet
540 3668 673 3753 egregiis
695 3668 771 3735 viris
794 3688 843 3736 ser
858 3669 1018 3736 lhaneisco
1040 3668 1151 3734 linono
1175 3685 1223 3732 sor
1244 3663 1363 3731 Joanne

119 3778 210 3846 illaria
232 3834 239 3849 .
263 3836 270 3851 .
294 3833 302 3848 .
325 3783 357 3848 et
379 3800 427 3847 aer
442 3781 676 3864 Thomacellinc
700 3786 731 3851 et
745 3803 795 3851 me
809 3784 927 3852 notarb
941 3783 1135 3869 infrascripto
1149 3780 1277 3848 insimul
1291 3797 1361 3846 oum

119 3895 245 3977 predicto
268 3896 296 3964 d.
319 3898 469 3983 potestate
491 3899 522 3965 et
544 3899 762 3966 commissario.

199 4013 344 4081 Presente
368 4012 448 4080 dicte
472 4013 499 4080 d.
523 4013 650 4082 Nicolao
674 4014 754 4081 dioto
776 4014 908 4095 nomine,
937 4017 968 4081 et
990 4014 1142 4100 predictae
1164 4007 1362 4078 declarationi

119 4145 173 4192 non
186 4129 392 4196 consentiente
408 4129 462 4196 sed
477 4149 595 4214 semper
610 4131 798 4214 protestante
821 4128 857 4196 de
872 4129 1014 4198 nullitate
1033 4127 1203 4196 rationibus
1217 4123 1359 4193 omnibus

121 4259 202 4326 snpra
228 4265 283 4330 per
312 4263 383 4312 eum
412 4245 549 4312 deductis
573 4265 648 4331 quas
670 4245 721 4314 bic
743 4246 777 4312 in
799 4245 941 4314 omnihus
968 4245 1032 4312 auis
1060 4243 1199 4329 partibus
1228 4259 1282 4327 pro
1304 4258 1358 4306 ex·

118 4360 222 4438 pressis
242 4361 275 4428 ct
296 4360 435 4445 repetitis
456 4361 563 4428 haberi
585 4362 682 4429 uoluit
703 4363 788 4430 omni
810 4363 930 4450 meliori
952 4363 1041 4430 modo
1063 4363 1118 4428 ete.
