3132 4910
759 336 1004 406 -394-

253 533 349 600 tatem
372 533 545 600 maiestatis
568 533 638 600 tuae
660 534 750 619 prout
778 533 925 600 maiestas
947 533 1001 599 tua
1029 533 1141 599 melius
1164 533 1257 601 novit.
1304 531 1362 600 Cui
1385 534 1498 599 mutum

252 651 352 718 abluit
373 652 408 716 ut
422 650 599 734 Alphonsue
622 649 775 734 praelatus
797 649 972 735 aliqualiter
993 649 1142 715 restiterit
1164 649 1211 714 sel
1233 668 1304 715 eum
1327 651 1496 734 aliquant·

252 768 317 833 lum
341 767 509 834 remoratus
524 765 617 832 fuerit
638 767 693 831 aut
707 765 842 851 aliquam
865 765 1060 850 diligentiam
1082 784 1137 849 pro
1153 765 1313 832 avertendo
1329 765 1496 832 huiusmodi

251 884 339 950 hoste
362 883 462 962 ferret,
485 882 521 948 ut
542 881 645 966 potius
668 881 716 948 illi
732 882 898 948 transitum
921 882 1129 948 voluntarium
1144 883 1315 948 mmeatum
1337 883 1371 949 et
1393 901 1493 966 suppo

251 1001 312 1066 tias
334 997 453 1066 dederit
474 999 505 1064 et
527 1017 597 1064 oum
619 1015 654 1064 eo
676 997 820 1082 loquutus
843 997 950 1074 fuerit;
973 1015 1050 1082 quaa
1072 997 1175 1063 omnia
1198 999 1302 1064 eontra
1326 1017 1492 1084 supremum

251 1113 411 1181 dominum
434 1132 524 1179 suum
547 1114 582 1178 ut
603 1113 813 1196 praemittitur
835 1115 931 1198 gesta,
954 1114 1092 1197 apertam
1114 1114 1311 1181 rebellionem
1334 1114 1491 1200 ingratitu-

250 1229 355 1297 dinem
378 1231 468 1314 atque
490 1229 689 1295 inimicitiam
705 1231 739 1294 in
761 1249 817 1296 nos
832 1231 862 1295 et
879 1227 988 1296 Sedem
1012 1230 1210 1313 apostolicam
1225 1229 1443 1308 demonstrant
1464 1233 1491 1296 ut

250 1345 430 1414 omittamus
453 1343 533 1429 quod
555 1342 649 1410 etiam
665 1345 769 1411 eontra
784 1347 978 1413 maiestatem
993 1346 1079 1411 tuam
1102 1344 1274 1412 adhaeserit
1295 1349 1363 1430 regi
1378 1345 1491 1412 Franoie

249 1461 376 1528 inimieo
405 1462 469 1526 tom
499 1461 671 1526 maiestatis
701 1463 771 1528 tuae
800 1479 891 1546 quam
922 1462 968 1526 tui
998 1479 1089 1526 eausa
1117 1463 1230 1541 nostro,
1260 1464 1325 1527 eius
1359 1467 1489 1528 armatu

250 1577 375 1644 civitate
398 1577 553 1642 Ferrariae
575 1576 738 1662 depingere
760 1576 913 1654 faciend03
943 1595 1019 1660 qaae
1042 1577 1145 1642 omnia
1171 1578 1318 1662 tanquam
1341 1579 1411 1644 tuae
1430 1598 1487 1642 ma·

248 1691 353 1758 iestati
384 1692 549 1759 notissma
576 1690 616 1758 ad
645 1692 730 1758 tuam
760 1692 941 1760 memoriam
963 1691 1136 1758 reducimus
1165 1695 1196 1758 et
1219 1691 1257 1758 de
1279 1692 1330 1758 hie
1360 1695 1486 1760 omnibus

248 1809 431 1874 attestamur
453 1809 485 1873 et
499 1806 590 1874 fidem
606 1806 745 1886 lauimus,
767 1810 803 1874 nt
825 1809 988 1893 cognoseat
1002 1808 1149 1874 maiestas
1164 1809 1218 1874 tua
1240 1809 1268 1874 si
1282 1827 1339 1875 noe
1362 1813 1393 1875 et
1407 1807 1486 1875 Sedes

249 1923 416 2008 apostolica
444 1924 560 1990 iustam
590 1942 714 1989 causam
743 1923 966 2008 indignationis
996 1923 1163 1990 habeamus
1192 1923 1298 1990 eontra
1330 1924 1484 2009 praelatum

248 2039 443 2125 alphonsum
465 2038 624 2106 subditum
646 2039 787 2106 nostrum
809 2039 854 2105 ita
876 2038 1031 2108 hostiliter
1053 2059 1110 2106 nos
1133 2042 1428 2124 prosequentem..
