<?xml version="1.0" encoding="UTF-8"?>
<!DOCTYPE html PUBLIC "-//W3C//DTD XHTML 1.0 Transitional//EN"
    "http://www.w3.org/TR/xhtml1/DTD/xhtml1-transitional.dtd">
<html xmlns="http://www.w3.org/1999/xhtml" xml:lang="en" lang="en">
 <head>
  <title>
</title>
<meta http-equiv="Content-Type" content="text/html;charset=utf-8" />
  <meta name='ocr-system' content='tesseract 3.04.00' />
  <meta name='ocr-capabilities' content='ocr_page ocr_carea ocr_par ocr_line ocrx_word'/>
</head>
<body>
  <div class='ocr_page' id='page_1' title='image "./monumentasaecul00sadogoog_0186.png"; bbox 0 0 3152 4902; ppageno 0'>
   <div class='ocr_carea' id='block_1_1' title="bbox 570 219 825 286">
    <p class='ocr_par' dir='ltr' id='par_1_1' title="bbox 570 219 825 286">
     <span class='ocr_line' id='line_1_1' title="bbox 570 219 825 286; baseline 0.016 -6"><span class='ocrx_word' id='word_1_1' title='bbox 570 257 626 280; x_wconf 53' lang='grc' dir='ltr'>,ψ-</span> <span class='ocrx_word' id='word_1_2' title='bbox 673 219 734 286; x_wconf 85' lang='grc'>167</span> <span class='ocrx_word' id='word_1_3' title='bbox 780 255 825 266; x_wconf 93' lang='grc'>-</span> 
     </span>
    </p>
   </div>
   <div class='ocr_carea' id='block_1_2' title="bbox 91 412 1325 1179">
    <p class='ocr_par' dir='ltr' id='par_1_2' title="bbox 94 412 1323 599">
     <span class='ocr_line' id='line_1_2' title="bbox 94 412 1323 500; baseline -0.002 -20"><span class='ocrx_word' id='word_1_4' title='bbox 94 421 139 481; x_wconf 85' lang='lat' dir='ltr'>tua</span> <span class='ocrx_word' id='word_1_5' title='bbox 159 417 272 500; x_wconf 83' lang='lat' dir='ltr'><strong>plenius</strong></span> <span class='ocrx_word' id='word_1_6' title='bbox 295 419 464 500; x_wconf 81' lang='lat' dir='ltr'>cognoscet</span> <span class='ocrx_word' id='word_1_7' title='bbox 495 417 543 482; x_wconf 91' lang='lat' dir='ltr'>cni</span> <span class='ocrx_word' id='word_1_8' title='bbox 565 417 613 482; x_wconf 86' lang='lat' dir='ltr'>vol</span> <span class='ocrx_word' id='word_1_9' title='bbox 636 415 700 480; x_wconf 88' lang='lat' dir='ltr'>eiua</span> <span class='ocrx_word' id='word_1_10' title='bbox 724 415 822 480; x_wconf 88' lang='lat' dir='ltr'>literis</span> <span class='ocrx_word' id='word_1_11' title='bbox 845 415 936 480; x_wconf 88' lang='lat' dir='ltr'>tidem</span> <span class='ocrx_word' id='word_1_12' title='bbox 966 413 1170 480; x_wconf 71' lang='lat' dir='ltr'>indubitatam</span> <span class='ocrx_word' id='word_1_13' title='bbox 1193 412 1323 478; x_wconf 84' lang='lat' dir='ltr'>habehit</span> 
     </span>
     <span class='ocr_line' id='line_1_3' title="bbox 94 530 1085 599; baseline 0.001 -2"><span class='ocrx_word' id='word_1_14' title='bbox 94 533 195 598; x_wconf 84' lang='lat' dir='ltr'>ilatum</span> <span class='ocrx_word' id='word_1_15' title='bbox 217 535 330 599; x_wconf 87' lang='lat' dir='ltr'>Romae</span> <span class='ocrx_word' id='word_1_16' title='bbox 354 535 408 599; x_wconf 88' lang='lat' dir='ltr'>etc.</span> <span class='ocrx_word' id='word_1_17' title='bbox 433 533 481 598; x_wconf 92' lang='lat' dir='ltr'>die</span> <span class='ocrx_word' id='word_1_18' title='bbox 503 553 548 598; x_wconf 82' lang='lat' dir='ltr'>xx.</span> <span class='ocrx_word' id='word_1_19' title='bbox 571 531 650 597; x_wconf 91' lang='lat' dir='ltr'>Julii</span> <span class='ocrx_word' id='word_1_20' title='bbox 672 531 790 598; x_wconf 83' lang='lat' dir='ltr'>mdxxv.</span> <span class='ocrx_word' id='word_1_21' title='bbox 834 532 923 597; x_wconf 82' lang='lat' dir='ltr'>Anno</span> <span class='ocrx_word' id='word_1_22' title='bbox 947 530 1085 598; x_wconf 87' lang='lat' dir='ltr'>secundo.</span> 
     </span>
    </p>

    <p class='ocr_par' dir='ltr' id='par_1_3' title="bbox 91 759 1325 1179">
     <span class='ocr_line' id='line_1_4' title="bbox 169 759 1325 848; baseline -0.005 -18"><span class='ocrx_word' id='word_1_23' title='bbox 169 765 319 832; x_wconf 80' lang='lat' dir='ltr'>t&#39;nrdinali</span> <span class='ocrx_word' id='word_1_24' title='bbox 342 764 551 848; x_wconf 87' lang='lat' dir='ltr'>Portugalliae</span> <span class='ocrx_word' id='word_1_25' title='bbox 573 802 617 812; x_wconf 95' lang='lat'>—</span> <span class='ocrx_word' id='word_1_26' title='bbox 640 762 778 848; x_wconf 88' lang='lat' dir='ltr'>Iniungit</span> <span class='ocrx_word' id='word_1_27' title='bbox 806 763 938 848; x_wconf 79' lang='lat' dir='ltr'><strong>pontifex</strong></span> <span class='ocrx_word' id='word_1_28' title='bbox 962 765 996 828; x_wconf 90' lang='lat' dir='ltr'>ut</span> <span class='ocrx_word' id='word_1_29' title='bbox 1019 761 1223 828; x_wconf 68' lang='lat' dir='ltr'>executionem</span> <span class='ocrx_word' id='word_1_30' title='bbox 1247 759 1325 825; x_wconf 84' lang='lat' dir='ltr'>cita-</span> 
     </span>
     <span class='ocr_line' id='line_1_5' title="bbox 93 875 1318 964; baseline -0.001 -22"><span class='ocrx_word' id='word_1_31' title='bbox 93 879 174 944; x_wconf 80' lang='lat' dir='ltr'>tionis</span> <span class='ocrx_word' id='word_1_32' title='bbox 195 899 227 946; x_wconf 89' lang='lat' dir='ltr'>ao</span> <span class='ocrx_word' id='word_1_33' title='bbox 250 881 483 948; x_wconf 83' lang='lat' dir='ltr'>instructionem</span> <span class='ocrx_word' id='word_1_34' title='bbox 498 899 608 946; x_wconf 75' lang='lat' dir='ltr'>musae</span> <span class='ocrx_word' id='word_1_35' title='bbox 630 880 774 945; x_wconf 86' lang='lat' dir='ltr'>aduersus</span> <span class='ocrx_word' id='word_1_36' title='bbox 797 879 970 964; x_wconf 88' lang='lat' dir='ltr'>episcopum</span> <span class='ocrx_word' id='word_1_37' title='bbox 986 880 1163 954; x_wconf 83' lang='lat' dir='ltr'>Zahonsem,</span> <span class='ocrx_word' id='word_1_38' title='bbox 1186 875 1318 960; x_wconf 87' lang='lat' dir='ltr'>gravina</span> 
     </span>
     <span class='ocr_line' id='line_1_6' title="bbox 93 990 1325 1080; baseline -0.003 -21"><span class='ocrx_word' id='word_1_39' title='bbox 93 995 224 1062; x_wconf 73' lang='lat' dir='ltr'>uelcmnn</span> <span class='ocrx_word' id='word_1_40' title='bbox 248 1017 334 1062; x_wconf 87' lang='lat' dir='ltr'>reum</span> <span class='ocrx_word' id='word_1_41' title='bbox 357 999 507 1075; x_wconf 78' lang='lat' dir='ltr'>vocatum,</span> <span class='ocrx_word' id='word_1_42' title='bbox 531 995 757 1080; x_wconf 82' lang='lat' dir='ltr'>quamprimum</span> <span class='ocrx_word' id='word_1_43' title='bbox 780 996 819 1062; x_wconf 87' lang='lat' dir='ltr'>ad</span> <span class='ocrx_word' id='word_1_44' title='bbox 843 1015 874 1062; x_wconf 87' lang='lat' dir='ltr'>ae</span> <span class='ocrx_word' id='word_1_45' title='bbox 898 993 1044 1062; x_wconf 86' lang='lat' dir='ltr'>remittat.</span> <span class='ocrx_word' id='word_1_46' title='bbox 1089 995 1203 1060; x_wconf 60' lang='lat' dir='ltr'>Manae</span> <span class='ocrx_word' id='word_1_47' title='bbox 1226 990 1325 1058; x_wconf 82' lang='lat' dir='ltr'>xxviii.</span> 
     </span>
     <span class='ocr_line' id='line_1_7' title="bbox 91 1111 591 1179; baseline 0.006 -5"><span class='ocrx_word' id='word_1_48' title='bbox 91 1111 160 1176; x_wconf 89' lang='lat' dir='ltr'>lnlii</span> <span class='ocrx_word' id='word_1_49' title='bbox 179 1112 295 1178; x_wconf 84' lang='lat' dir='ltr'>mdxxn.</span> <span class='ocrx_word' id='word_1_50' title='bbox 341 1113 430 1179; x_wconf 84' lang='lat' dir='ltr'>Anno</span> <span class='ocrx_word' id='word_1_51' title='bbox 454 1112 591 1178; x_wconf 87' lang='lat' dir='ltr'>secundo.</span> 
     </span>
    </p>
   </div>
   <div class='ocr_carea' id='block_1_3' title="bbox 91 1341 1323 1544">
    <p class='ocr_par' dir='ltr' id='par_1_4' title="bbox 91 1341 1323 1544">
     <span class='ocr_line' id='line_1_8' title="bbox 167 1341 1323 1429; baseline -0.004 -19"><span class='ocrx_word' id='word_1_52' title='bbox 167 1345 242 1429; x_wconf 84' lang='lat' dir='ltr'>Regi</span> <span class='ocrx_word' id='word_1_53' title='bbox 266 1345 474 1429; x_wconf 88' lang='lat' dir='ltr'>Portngalliae</span> <span class='ocrx_word' id='word_1_54' title='bbox 495 1383 540 1392; x_wconf 94' lang='lat'><em>-</em></span> <span class='ocrx_word' id='word_1_55' title='bbox 563 1345 599 1410; x_wconf 93' lang='lat' dir='ltr'>de</span> <span class='ocrx_word' id='word_1_56' title='bbox 628 1344 762 1410; x_wconf 86' lang='lat' dir='ltr'>Martiuo</span> <span class='ocrx_word' id='word_1_57' title='bbox 791 1342 828 1410; x_wconf 93' lang='lat' dir='ltr'>de</span> <span class='ocrx_word' id='word_1_58' title='bbox 855 1343 1032 1428; x_wconf 90' lang='lat' dir='ltr'>Portugallo</span> <span class='ocrx_word' id='word_1_59' title='bbox 1062 1343 1127 1408; x_wconf 87' lang='lat' dir='ltr'>eius</span> <span class='ocrx_word' id='word_1_60' title='bbox 1157 1342 1274 1407; x_wconf 84' lang='lat' dir='ltr'>oratore</span> <span class='ocrx_word' id='word_1_61' title='bbox 1296 1341 1323 1406; x_wconf 92' lang='lat' dir='ltr'>el</span> 
     </span>
     <span class='ocr_line' id='line_1_9' title="bbox 91 1457 1192 1544; baseline 0 -22"><span class='ocrx_word' id='word_1_62' title='bbox 91 1457 224 1526; x_wconf 85' lang='lat' dir='ltr'>iliohaele</span> <span class='ocrx_word' id='word_1_63' title='bbox 248 1458 349 1544; x_wconf 76' lang='lat' dir='ltr'>Sylva,</span> <span class='ocrx_word' id='word_1_64' title='bbox 373 1495 417 1508; x_wconf 94' lang='lat'>-</span> <span class='ocrx_word' id='word_1_65' title='bbox 440 1461 555 1528; x_wconf 88' lang='lat' dir='ltr'>Romae</span> <span class='ocrx_word' id='word_1_66' title='bbox 577 1460 652 1526; x_wconf 82' lang='lat' dir='ltr'>xxix.</span> <span class='ocrx_word' id='word_1_67' title='bbox 676 1459 754 1526; x_wconf 88' lang='lat' dir='ltr'>Julii</span> <span class='ocrx_word' id='word_1_68' title='bbox 778 1459 895 1526; x_wconf 81' lang='lat' dir='ltr'>mdxxv.</span> <span class='ocrx_word' id='word_1_69' title='bbox 941 1461 1030 1526; x_wconf 81' lang='lat' dir='ltr'>Anno</span> <span class='ocrx_word' id='word_1_70' title='bbox 1054 1457 1192 1524; x_wconf 86' lang='lat' dir='ltr'>secundo.</span> 
     </span>
    </p>
   </div>
   <div class='ocr_carea' id='block_1_4' title="bbox 646 1613 752 1622">
    <p class='ocr_par' dir='ltr' id='par_1_5' title="bbox 646 1613 752 1622">
     <span class='ocr_line' id='line_1_10' title="bbox 646 1613 752 1622; baseline 0 0"><span class='ocrx_word' id='word_1_71' title='bbox 646 1613 752 1622; x_wconf 72' lang='lat'><strong>——-—-·</strong></span> 
     </span>
    </p>
   </div>
   <div class='ocr_carea' id='block_1_5' title="bbox 90 1689 1326 1891">
    <p class='ocr_par' dir='ltr' id='par_1_6' title="bbox 90 1689 1326 1891">
     <span class='ocr_line' id='line_1_11' title="bbox 164 1689 1326 1776; baseline -0.004 -18"><span class='ocrx_word' id='word_1_72' title='bbox 164 1691 270 1758; x_wconf 81' lang='lat' dir='ltr'>Elidem</span> <span class='ocrx_word' id='word_1_73' title='bbox 294 1729 338 1738; x_wconf 89' lang='lat'>—</span> <span class='ocrx_word' id='word_1_74' title='bbox 362 1691 529 1776; x_wconf 81' lang='lat' dir='ltr'>Responsio</span> <span class='ocrx_word' id='word_1_75' title='bbox 551 1692 721 1776; x_wconf 78' lang='lat' dir='ltr'>gratulanti</span> <span class='ocrx_word' id='word_1_76' title='bbox 749 1691 786 1756; x_wconf 91' lang='lat' dir='ltr'>de</span> <span class='ocrx_word' id='word_1_77' title='bbox 808 1691 1015 1774; x_wconf 80' lang='lat' dir='ltr'>assumptione</span> <span class='ocrx_word' id='word_1_78' title='bbox 1045 1690 1084 1756; x_wconf 88' lang='lat' dir='ltr'>ed</span> <span class='ocrx_word' id='word_1_79' title='bbox 1106 1689 1326 1773; x_wconf 85' lang='lat' dir='ltr'>pontificatum.</span> 
     </span>
     <span class='ocr_line' id='line_1_12' title="bbox 90 1807 872 1891; baseline 0.001 -18"><span class='ocrx_word' id='word_1_80' title='bbox 90 1843 125 1852; x_wconf 89' lang='lat'><em>-</em></span> <span class='ocrx_word' id='word_1_81' title='bbox 144 1807 255 1874; x_wconf 87' lang='lat' dir='ltr'>Romae</span> <span class='ocrx_word' id='word_1_82' title='bbox 278 1808 356 1874; x_wconf 81' lang='lat' dir='ltr'>xxix.</span> <span class='ocrx_word' id='word_1_83' title='bbox 379 1808 457 1874; x_wconf 86' lang='lat' dir='ltr'>Julii</span> <span class='ocrx_word' id='word_1_84' title='bbox 479 1807 609 1874; x_wconf 84' lang='lat' dir='ltr'>mdnxiu.</span> <span class='ocrx_word' id='word_1_85' title='bbox 655 1807 743 1874; x_wconf 77' lang='lat' dir='ltr'>Anno</span> <span class='ocrx_word' id='word_1_86' title='bbox 766 1808 872 1891; x_wconf 90' lang='lat' dir='ltr'>primo.</span> 
     </span>
    </p>
   </div>
   <div class='ocr_carea' id='block_1_6' title="bbox 647 1961 752 1970">
    <p class='ocr_par' dir='ltr' id='par_1_7' title="bbox 647 1961 752 1970">
     <span class='ocr_line' id='line_1_13' title="bbox 647 1961 752 1970; baseline 0.019 -2"><span class='ocrx_word' id='word_1_87' title='bbox 647 1961 752 1970; x_wconf 73' lang='lat'>..-—-.-</span> 
     </span>
    </p>
   </div>
   <div class='ocr_carea' id='block_1_7' title="bbox 130 2035 1271 2355">
    <p class='ocr_par' dir='ltr' id='par_1_8' title="bbox 130 2035 1271 2355">
     <span class='ocr_line' id='line_1_14' title="bbox 132 2035 1271 2140; baseline -0.005 -36"><span class='ocrx_word' id='word_1_88' title='bbox 132 2039 204 2124; x_wconf 72' lang='lat' dir='ltr'>liogi</span> <span class='ocrx_word' id='word_1_89' title='bbox 227 2039 382 2124; x_wconf 87' lang='lat' dir='ltr'>Ungariee</span> <span class='ocrx_word' id='word_1_90' title='bbox 451 2041 465 2140; x_wconf 67' lang='lat' dir='ltr'>l</span> <span class='ocrx_word' id='word_1_91' title='bbox 490 2041 548 2105; x_wconf 92' lang='lat' dir='ltr'>Pro</span> <span class='ocrx_word' id='word_1_92' title='bbox 565 2039 718 2124; x_wconf 86' lang='lat' dir='ltr'>Stephano</span> <span class='ocrx_word' id='word_1_93' title='bbox 734 2039 894 2105; x_wconf 88' lang='lat' dir='ltr'>Broderico</span> <span class='ocrx_word' id='word_1_94' title='bbox 913 2040 1030 2103; x_wconf 87' lang='lat' dir='ltr'>oratore</span> <span class='ocrx_word' id='word_1_95' title='bbox 1053 2037 1085 2103; x_wconf 94' lang='lat' dir='ltr'>in</span> <span class='ocrx_word' id='word_1_96' title='bbox 1101 2035 1271 2120; x_wconf 85' lang='lat' dir='ltr'>Ungariarn</span> 
     </span>
     <span class='ocr_line' id='line_1_15' title="bbox 130 2151 944 2246; baseline 0.005 -26"><span class='ocrx_word' id='word_1_97' title='bbox 130 2155 204 2222; x_wconf 89' lang='lat' dir='ltr'>Duci</span> <span class='ocrx_word' id='word_1_98' title='bbox 227 2157 427 2222; x_wconf 86' lang='lat' dir='ltr'>Venetinmm</span> <span class='ocrx_word' id='word_1_99' title='bbox 452 2151 465 2246; x_wconf 75' lang='lat' dir='ltr'>j</span> <span class='ocrx_word' id='word_1_100' title='bbox 793 2153 944 2224; x_wconf 84' lang='lat' dir='ltr'>redeunte.</span> 
     </span>
     <span class='ocr_line' id='line_1_16' title="bbox 163 2270 959 2355; baseline 0 -17"><span class='ocrx_word' id='word_1_101' title='bbox 163 2271 277 2338; x_wconf 87' lang='lat' dir='ltr'>Romae</span> <span class='ocrx_word' id='word_1_102' title='bbox 301 2271 363 2338; x_wconf 83' lang='lat' dir='ltr'>viii.</span> <span class='ocrx_word' id='word_1_103' title='bbox 387 2270 521 2355; x_wconf 78' lang='lat' dir='ltr'>Augusti</span> <span class='ocrx_word' id='word_1_104' title='bbox 544 2270 663 2338; x_wconf 84' lang='lat' dir='ltr'>mdnv.</span> <span class='ocrx_word' id='word_1_105' title='bbox 709 2272 797 2338; x_wconf 86' lang='lat' dir='ltr'>Anno</span> <span class='ocrx_word' id='word_1_106' title='bbox 822 2270 959 2338; x_wconf 89' lang='lat' dir='ltr'>secundo.</span> 
     </span>
    </p>
   </div>
   <div class='ocr_carea' id='block_1_8' title="bbox 667 2534 737 2596">
    <p class='ocr_par' dir='ltr' id='par_1_9' title="bbox 667 2534 737 2596">
     <span class='ocr_line' id='line_1_17' title="bbox 667 2534 737 2596; baseline -0.029 0"><span class='ocrx_word' id='word_1_107' title='bbox 667 2534 737 2596; x_wconf 77' lang='lat'>124.</span> 
     </span>
    </p>
   </div>
   <div class='ocr_carea' id='block_1_9' title="bbox 551 2697 845 2768">
    <p class='ocr_par' dir='ltr' id='par_1_10' title="bbox 551 2697 845 2768">
     <span class='ocr_line' id='line_1_18' title="bbox 551 2697 845 2768; baseline -0.007 -14"><span class='ocrx_word' id='word_1_108' title='bbox 551 2699 636 2768; x_wconf 87' lang='lat' dir='ltr'>Regi</span> <span class='ocrx_word' id='word_1_109' title='bbox 661 2697 845 2768; x_wconf 78' lang='lat' dir='ltr'>ungariae.</span> 
     </span>
    </p>
   </div>
   <div class='ocr_carea' id='block_1_10' title="bbox 87 2847 1324 4440">
    <p class='ocr_par' dir='ltr' id='par_1_11' title="bbox 87 2847 1324 4440">
     <span class='ocr_line' id='line_1_19' title="bbox 163 2847 1319 2932; baseline -0.003 -16"><span class='ocrx_word' id='word_1_110' title='bbox 163 2850 332 2916; x_wconf 86' lang='lat' dir='ltr'>Carissimo.</span> <span class='ocrx_word' id='word_1_111' title='bbox 365 2849 441 2916; x_wconf 79' lang='lat' dir='ltr'>Cum</span> <span class='ocrx_word' id='word_1_112' title='bbox 457 2869 491 2915; x_wconf 84' lang='lat' dir='ltr'>en</span> <span class='ocrx_word' id='word_1_113' title='bbox 508 2850 658 2932; x_wconf 74' lang='lat' dir='ltr'>hispanie</span> <span class='ocrx_word' id='word_1_114' title='bbox 673 2850 786 2915; x_wconf 87' lang='lat' dir='ltr'>litteris</span> <span class='ocrx_word' id='word_1_115' title='bbox 802 2869 837 2916; x_wconf 92' lang='lat' dir='ltr'>ac</span> <span class='ocrx_word' id='word_1_116' title='bbox 852 2849 972 2915; x_wconf 90' lang='lat' dir='ltr'>nunciis</span> <span class='ocrx_word' id='word_1_117' title='bbox 989 2847 1228 2914; x_wconf 86' lang='lat' dir='ltr'>intellexerimus</span> <span class='ocrx_word' id='word_1_118' title='bbox 1244 2847 1319 2913; x_wconf 92' lang='lat' dir='ltr'>duo-</span> 
     </span>
     <span class='ocr_line' id='line_1_20' title="bbox 87 2962 1324 3050; baseline 0.002 -24"><span class='ocrx_word' id='word_1_119' title='bbox 87 2983 144 3029; x_wconf 89' lang='lat' dir='ltr'>mm</span> <span class='ocrx_word' id='word_1_120' title='bbox 157 2965 288 3032; x_wconf 85' lang='lat' dir='ltr'>instante</span> <span class='ocrx_word' id='word_1_121' title='bbox 298 2984 462 3050; x_wconf 82' lang='lat' dir='ltr'>congressu</span> <span class='ocrx_word' id='word_1_122' title='bbox 479 2985 593 3050; x_wconf 77' lang='lat' dir='ltr'>regum,</span> <span class='ocrx_word' id='word_1_123' title='bbox 605 2966 742 3032; x_wconf 77' lang='lat' dir='ltr'>Caesaris</span> <span class='ocrx_word' id='word_1_124' title='bbox 759 2965 899 3031; x_wconf 87' lang='lat' dir='ltr'>videlicet</span> <span class='ocrx_word' id='word_1_125' title='bbox 914 2967 945 3030; x_wconf 90' lang='lat' dir='ltr'>et</span> <span class='ocrx_word' id='word_1_126' title='bbox 968 2964 1048 3049; x_wconf 89' lang='lat' dir='ltr'>regis</span> <span class='ocrx_word' id='word_1_127' title='bbox 1064 2962 1324 3041; x_wconf 74' lang='lat' dir='ltr'>christianissimi,</span> 
     </span>
     <span class='ocr_line' id='line_1_21' title="bbox 89 3073 1321 3165; baseline 0.002 -23"><span class='ocrx_word' id='word_1_128' title='bbox 89 3098 165 3163; x_wconf 88' lang='lat' dir='ltr'>prope</span> <span class='ocrx_word' id='word_1_129' title='bbox 186 3082 371 3165; x_wconf 79' lang='lat' dir='ltr'>exploratam</span> <span class='ocrx_word' id='word_1_130' title='bbox 394 3081 478 3164; x_wconf 87' lang='lat' dir='ltr'>pacis</span> <span class='ocrx_word' id='word_1_131' title='bbox 495 3101 580 3164; x_wconf 90' lang='lat' dir='ltr'>spem</span> <span class='ocrx_word' id='word_1_132' title='bbox 603 3081 717 3158; x_wconf 86' lang='lat' dir='ltr'>haberi,</span> <span class='ocrx_word' id='word_1_133' title='bbox 740 3099 795 3148; x_wconf 89' lang='lat' dir='ltr'>nos</span> <span class='ocrx_word' id='word_1_134' title='bbox 819 3081 849 3146; x_wconf 92' lang='lat' dir='ltr'>id</span> <span class='ocrx_word' id='word_1_135' title='bbox 872 3081 951 3165; x_wconf 90' lang='lat' dir='ltr'>quod</span> <span class='ocrx_word' id='word_1_136' title='bbox 967 3080 1083 3146; x_wconf 90' lang='lat' dir='ltr'>iamdiu</span> <span class='ocrx_word' id='word_1_137' title='bbox 1105 3081 1207 3146; x_wconf 89' lang='lat' dir='ltr'>animo</span> <span class='ocrx_word' id='word_1_138' title='bbox 1229 3073 1321 3145; x_wconf 89' lang='lat' dir='ltr'>moli·</span> 
     </span>
     <span class='ocr_line' id='line_1_22' title="bbox 89 3195 1321 3280; baseline 0.002 -22"><span class='ocrx_word' id='word_1_139' title='bbox 89 3211 152 3272; x_wconf 79' lang='lat' dir='ltr'>nur,</span> <span class='ocrx_word' id='word_1_140' title='bbox 173 3197 352 3280; x_wconf 87' lang='lat' dir='ltr'>coniungere</span> <span class='ocrx_word' id='word_1_141' title='bbox 376 3197 454 3262; x_wconf 81' lang='lat' dir='ltr'>uires</span> <span class='ocrx_word' id='word_1_142' title='bbox 484 3197 667 3262; x_wconf 85' lang='lat' dir='ltr'>christianas</span> <span class='ocrx_word' id='word_1_143' title='bbox 691 3197 835 3264; x_wconf 86' lang='lat' dir='ltr'>adversus</span> <span class='ocrx_word' id='word_1_144' title='bbox 864 3198 994 3262; x_wconf 80' lang='lat' dir='ltr'>Turnum</span> <span class='ocrx_word' id='word_1_145' title='bbox 1017 3197 1136 3262; x_wconf 86' lang='lat' dir='ltr'>hostem</span> <span class='ocrx_word' id='word_1_146' title='bbox 1159 3195 1321 3278; x_wconf 67' lang='lat' dir='ltr'>cupienten</span> 
     </span>
     <span class='ocr_line' id='line_1_23' title="bbox 88 3309 1317 3396; baseline 0.003 -22"><span class='ocrx_word' id='word_1_147' title='bbox 88 3309 164 3394; x_wconf 89' lang='lat' dir='ltr'>inqua</span> <span class='ocrx_word' id='word_1_148' title='bbox 184 3333 217 3380; x_wconf 93' lang='lat' dir='ltr'>eo</span> <span class='ocrx_word' id='word_1_149' title='bbox 239 3317 270 3379; x_wconf 86' lang='lat' dir='ltr'>st</span> <span class='ocrx_word' id='word_1_150' title='bbox 293 3313 388 3378; x_wconf 89' lang='lat' dir='ltr'>totius</span> <span class='ocrx_word' id='word_1_151' title='bbox 417 3313 653 3378; x_wconf 78' lang='lat' dir='ltr'>christianitatis</span> <span class='ocrx_word' id='word_1_152' title='bbox 677 3313 833 3378; x_wconf 88' lang='lat' dir='ltr'>commodo</span> <span class='ocrx_word' id='word_1_153' title='bbox 857 3315 887 3379; x_wconf 88' lang='lat' dir='ltr'>et</span> <span class='ocrx_word' id='word_1_154' title='bbox 910 3313 1000 3378; x_wconf 88' lang='lat' dir='ltr'>istius</span> <span class='ocrx_word' id='word_1_155' title='bbox 1023 3311 1110 3396; x_wconf 91' lang='lat' dir='ltr'>regni</span> <span class='ocrx_word' id='word_1_156' title='bbox 1132 3311 1220 3378; x_wconf 89' lang='lat' dir='ltr'>nobis</span> <span class='ocrx_word' id='word_1_157' title='bbox 1243 3311 1317 3378; x_wconf 87' lang='lat' dir='ltr'>dilo-</span> 
     </span>
     <span class='ocr_line' id='line_1_24' title="bbox 87 3425 1319 3507; baseline 0.003 -19"><span class='ocrx_word' id='word_1_158' title='bbox 87 3425 202 3494; x_wconf 86' lang='lat' dir='ltr'>ctissimi</span> <span class='ocrx_word' id='word_1_159' title='bbox 224 3428 318 3494; x_wconf 86' lang='lat' dir='ltr'>saluti</span> <span class='ocrx_word' id='word_1_160' title='bbox 340 3429 504 3507; x_wconf 83' lang='lat' dir='ltr'>consulere,</span> <span class='ocrx_word' id='word_1_161' title='bbox 527 3428 715 3494; x_wconf 82' lang='lat' dir='ltr'>decrevimus</span> <span class='ocrx_word' id='word_1_162' title='bbox 740 3429 846 3494; x_wconf 85' lang='lat' dir='ltr'>atatim</span> <span class='ocrx_word' id='word_1_163' title='bbox 869 3429 1023 3494; x_wconf 86' lang='lat' dir='ltr'>destinare</span> <span class='ocrx_word' id='word_1_164' title='bbox 1046 3427 1085 3494; x_wconf 89' lang='lat' dir='ltr'>ad</span> <span class='ocrx_word' id='word_1_165' title='bbox 1108 3431 1212 3494; x_wconf 73' lang='lat' dir='ltr'>ser.tem</span> <span class='ocrx_word' id='word_1_166' title='bbox 1235 3427 1319 3492; x_wconf 90' lang='lat' dir='ltr'>tuam</span> 
     </span>
     <span class='ocr_line' id='line_1_25' title="bbox 89 3539 1323 3628; baseline 0.001 -21"><span class='ocrx_word' id='word_1_167' title='bbox 89 3539 130 3607; x_wconf 86' lang='lat' dir='ltr'>dil</span> <span class='ocrx_word' id='word_1_168' title='bbox 150 3543 182 3610; x_wconf 86' lang='lat' dir='ltr'>ir.</span> <span class='ocrx_word' id='word_1_169' title='bbox 198 3543 387 3628; x_wconf 83' lang='lat' dir='ltr'>Stephanum</span> <span class='ocrx_word' id='word_1_170' title='bbox 410 3542 606 3610; x_wconf 88' lang='lat' dir='ltr'>Brodericnm</span> <span class='ocrx_word' id='word_1_171' title='bbox 629 3545 783 3610; x_wconf 90' lang='lat' dir='ltr'>oratorum</span> <span class='ocrx_word' id='word_1_172' title='bbox 799 3545 886 3609; x_wconf 92' lang='lat' dir='ltr'>tuum</span> <span class='ocrx_word' id='word_1_173' title='bbox 910 3545 944 3610; x_wconf 95' lang='lat' dir='ltr'>ut</span> <span class='ocrx_word' id='word_1_174' title='bbox 967 3547 1066 3610; x_wconf 68' lang='lat' dir='ltr'>mcum</span> <span class='ocrx_word' id='word_1_175' title='bbox 1088 3544 1187 3610; x_wconf 85' lang='lat' dir='ltr'>multa</span> <span class='ocrx_word' id='word_1_176' title='bbox 1209 3541 1323 3609; x_wconf 81' lang='lat' dir='ltr'>nostris</span> 
     </span>
     <span class='ocr_line' id='line_1_26' title="bbox 90 3657 1323 3738; baseline 0.004 -19"><span class='ocrx_word' id='word_1_177' title='bbox 90 3657 174 3724; x_wconf 82' lang='lat' dir='ltr'>serbis</span> <span class='ocrx_word' id='word_1_178' title='bbox 194 3661 358 3738; x_wconf 82' lang='lat' dir='ltr'>conferret,</span> <span class='ocrx_word' id='word_1_179' title='bbox 388 3660 547 3727; x_wconf 86' lang='lat' dir='ltr'>hortamur</span> <span class='ocrx_word' id='word_1_180' title='bbox 571 3665 674 3726; x_wconf 64' lang='lat' dir='ltr'>senem</span> <span class='ocrx_word' id='word_1_181' title='bbox 698 3661 784 3726; x_wconf 87' lang='lat' dir='ltr'>tuam</span> <span class='ocrx_word' id='word_1_182' title='bbox 814 3661 847 3725; x_wconf 94' lang='lat' dir='ltr'>in</span> <span class='ocrx_word' id='word_1_183' title='bbox 869 3660 1000 3726; x_wconf 90' lang='lat' dir='ltr'>Domino</span> <span class='ocrx_word' id='word_1_184' title='bbox 1031 3661 1065 3726; x_wconf 95' lang='lat' dir='ltr'>ut</span> <span class='ocrx_word' id='word_1_185' title='bbox 1094 3679 1164 3726; x_wconf 89' lang='lat' dir='ltr'>eum</span> <span class='ocrx_word' id='word_1_186' title='bbox 1193 3659 1323 3725; x_wconf 87' lang='lat' dir='ltr'>libenter</span> 
     </span>
     <span class='ocr_line' id='line_1_27' title="bbox 89 3772 1319 3860; baseline 0.002 -24"><span class='ocrx_word' id='word_1_187' title='bbox 89 3772 293 3860; x_wconf 78' lang='lat' dir='ltr'>audiremque</span> <span class='ocrx_word' id='word_1_188' title='bbox 322 3777 356 3840; x_wconf 94' lang='lat' dir='ltr'>in</span> <span class='ocrx_word' id='word_1_189' title='bbox 379 3775 495 3840; x_wconf 88' lang='lat' dir='ltr'>cunctis</span> <span class='ocrx_word' id='word_1_190' title='bbox 526 3795 602 3860; x_wconf 89' lang='lat' dir='ltr'>quae</span> <span class='ocrx_word' id='word_1_191' title='bbox 625 3795 643 3840; x_wconf 91' lang='lat' dir='ltr'>a</span> <span class='ocrx_word' id='word_1_192' title='bbox 666 3776 754 3842; x_wconf 88' lang='lat' dir='ltr'>nobis</span> <span class='ocrx_word' id='word_1_193' title='bbox 785 3776 937 3842; x_wconf 89' lang='lat' dir='ltr'>rettulerit</span> <span class='ocrx_word' id='word_1_194' title='bbox 966 3776 1059 3841; x_wconf 87' lang='lat' dir='ltr'>fidem</span> <span class='ocrx_word' id='word_1_195' title='bbox 1088 3775 1135 3841; x_wconf 90' lang='lat' dir='ltr'>illi</span> <span class='ocrx_word' id='word_1_196' title='bbox 1164 3773 1319 3840; x_wconf 88' lang='lat' dir='ltr'>indubiam</span> 
     </span>
     <span class='ocr_line' id='line_1_28' title="bbox 89 3885 1319 3974; baseline 0.003 -22"><span class='ocrx_word' id='word_1_197' title='bbox 89 3885 183 3956; x_wconf 88' lang='lat' dir='ltr'>hahere</span> <span class='ocrx_word' id='word_1_198' title='bbox 204 3891 288 3958; x_wconf 86' lang='lat' dir='ltr'>velis.</span> <span class='ocrx_word' id='word_1_199' title='bbox 320 3889 417 3970; x_wconf 80' lang='lat' dir='ltr'>Quem</span> <span class='ocrx_word' id='word_1_200' title='bbox 440 3891 534 3956; x_wconf 88' lang='lat' dir='ltr'>etiarn</span> <span class='ocrx_word' id='word_1_201' title='bbox 558 3896 634 3957; x_wconf 77' lang='lat' dir='ltr'>ser.ti</span> <span class='ocrx_word' id='word_1_202' title='bbox 661 3893 730 3957; x_wconf 87' lang='lat' dir='ltr'>tuae</span> <span class='ocrx_word' id='word_1_203' title='bbox 753 3890 919 3974; x_wconf 90' lang='lat' dir='ltr'>plurimum</span> <span class='ocrx_word' id='word_1_204' title='bbox 942 3891 1199 3969; x_wconf 86' lang='lat' dir='ltr'>commendamus,</span> <span class='ocrx_word' id='word_1_205' title='bbox 1223 3889 1319 3956; x_wconf 88' lang='lat' dir='ltr'>virum</span> 
     </span>
     <span class='ocr_line' id='line_1_29' title="bbox 90 4001 1321 4090; baseline 0 -20"><span class='ocrx_word' id='word_1_206' title='bbox 90 4001 156 4070; x_wconf 82' lang='lat' dir='ltr'>enim</span> <span class='ocrx_word' id='word_1_207' title='bbox 183 4007 360 4089; x_wconf 86' lang='lat' dir='ltr'>prudentem</span> <span class='ocrx_word' id='word_1_208' title='bbox 383 4009 414 4072; x_wconf 86' lang='lat' dir='ltr'>et</span> <span class='ocrx_word' id='word_1_209' title='bbox 437 4007 592 4090; x_wconf 86' lang='lat' dir='ltr'>integrum</span> <span class='ocrx_word' id='word_1_210' title='bbox 619 4009 649 4072; x_wconf 89' lang='lat' dir='ltr'>et</span> <span class='ocrx_word' id='word_1_211' title='bbox 672 4007 718 4073; x_wconf 89' lang='lat' dir='ltr'>tui</span> <span class='ocrx_word' id='word_1_212' title='bbox 748 4007 870 4073; x_wconf 88' lang='lat' dir='ltr'>honoris</span> <span class='ocrx_word' id='word_1_213' title='bbox 893 4027 927 4072; x_wconf 90' lang='lat' dir='ltr'>ac</span> <span class='ocrx_word' id='word_1_214' title='bbox 951 4007 1083 4072; x_wconf 90' lang='lat' dir='ltr'>nominis</span> <span class='ocrx_word' id='word_1_215' title='bbox 1113 4009 1321 4090; x_wconf 87' lang='lat' dir='ltr'>peramantem</span> 
     </span>
     <span class='ocr_line' id='line_1_30' title="bbox 90 4121 1319 4207; baseline 0 -21"><span class='ocrx_word' id='word_1_216' title='bbox 90 4123 265 4202; x_wconf 78' lang='lat' dir='ltr'>cognovimus</span> <span class='ocrx_word' id='word_1_217' title='bbox 289 4121 477 4206; x_wconf 88' lang='lat' dir='ltr'>dignumque</span> <span class='ocrx_word' id='word_1_218' title='bbox 500 4123 552 4206; x_wconf 91' lang='lat' dir='ltr'>qui</span> <span class='ocrx_word' id='word_1_219' title='bbox 568 4123 721 4206; x_wconf 88' lang='lat' dir='ltr'>imprimis</span> <span class='ocrx_word' id='word_1_220' title='bbox 745 4125 798 4188; x_wconf 88' lang='lat' dir='ltr'>tua</span> <span class='ocrx_word' id='word_1_221' title='bbox 813 4125 844 4188; x_wconf 90' lang='lat' dir='ltr'>et</span> <span class='ocrx_word' id='word_1_222' title='bbox 866 4123 967 4207; x_wconf 87' lang='lat' dir='ltr'>gnatia</span> <span class='ocrx_word' id='word_1_223' title='bbox 982 4125 1013 4188; x_wconf 86' lang='lat' dir='ltr'>et</span> <span class='ocrx_word' id='word_1_224' title='bbox 1029 4121 1212 4188; x_wconf 77' lang='lat' dir='ltr'>liberaHtate</span> <span class='ocrx_word' id='word_1_225' title='bbox 1235 4121 1319 4186; x_wconf 84' lang='lat' dir='ltr'>frua·</span> 
     </span>
     <span class='ocr_line' id='line_1_31' title="bbox 89 4235 1321 4322; baseline 0.002 -24"><span class='ocrx_word' id='word_1_226' title='bbox 89 4235 136 4310; x_wconf 82' lang='lat' dir='ltr'>tur,</span> <span class='ocrx_word' id='word_1_227' title='bbox 155 4238 229 4320; x_wconf 85' lang='lat' dir='ltr'>quod</span> <span class='ocrx_word' id='word_1_228' title='bbox 243 4257 299 4304; x_wconf 87' lang='lat' dir='ltr'>nos</span> <span class='ocrx_word' id='word_1_229' title='bbox 323 4239 372 4304; x_wconf 90' lang='lat' dir='ltr'>illi</span> <span class='ocrx_word' id='word_1_230' title='bbox 386 4238 598 4304; x_wconf 87' lang='lat' dir='ltr'>testimonium</span> <span class='ocrx_word' id='word_1_231' title='bbox 620 4238 700 4322; x_wconf 90' lang='lat' dir='ltr'>apud</span> <span class='ocrx_word' id='word_1_232' title='bbox 718 4244 823 4304; x_wconf 72' lang='lat' dir='ltr'>ser.tom</span> <span class='ocrx_word' id='word_1_233' title='bbox 846 4241 932 4304; x_wconf 89' lang='lat' dir='ltr'>tuam</span> <span class='ocrx_word' id='word_1_234' title='bbox 949 4257 1016 4303; x_wconf 90' lang='lat' dir='ltr'>vere</span> <span class='ocrx_word' id='word_1_235' title='bbox 1039 4240 1070 4303; x_wconf 91' lang='lat' dir='ltr'>et</span> <span class='ocrx_word' id='word_1_236' title='bbox 1087 4238 1202 4304; x_wconf 85' lang='lat' dir='ltr'>sincero</span> <span class='ocrx_word' id='word_1_237' title='bbox 1219 4235 1321 4302; x_wconf 89' lang='lat' dir='ltr'>animo</span> 
     </span>
     <span class='ocr_line' id='line_1_32' title="bbox 89 4347 1235 4440; baseline 0.004 -27"><span class='ocrx_word' id='word_1_238' title='bbox 89 4347 186 4418; x_wconf 85' lang='lat' dir='ltr'>domna</span> <span class='ocrx_word' id='word_1_239' title='bbox 229 4355 345 4420; x_wconf 90' lang='lat' dir='ltr'>Datum</span> <span class='ocrx_word' id='word_1_240' title='bbox 368 4355 483 4422; x_wconf 84' lang='lat' dir='ltr'>Romae</span> <span class='ocrx_word' id='word_1_241' title='bbox 506 4353 554 4420; x_wconf 89' lang='lat' dir='ltr'>die</span> <span class='ocrx_word' id='word_1_242' title='bbox 577 4354 639 4420; x_wconf 85' lang='lat' dir='ltr'>viii.</span> <span class='ocrx_word' id='word_1_243' title='bbox 663 4355 798 4440; x_wconf 82' lang='lat' dir='ltr'>Augusti</span> <span class='ocrx_word' id='word_1_244' title='bbox 820 4353 938 4420; x_wconf 80' lang='lat' dir='ltr'>mdnxv.</span> <span class='ocrx_word' id='word_1_245' title='bbox 984 4354 1072 4420; x_wconf 81' lang='lat' dir='ltr'>Anno</span> <span class='ocrx_word' id='word_1_246' title='bbox 1097 4352 1235 4420; x_wconf 89' lang='lat' dir='ltr'>secundo.</span> 
     </span>
    </p>
   </div>
   <div class='ocr_carea' id='block_1_11' title="bbox 0 0 1580 4902">
    <p class='ocr_par' dir='ltr' id='par_1_12' title="bbox 0 0 1580 4902">
     <span class='ocr_line' id='line_1_33' title="bbox 0 0 1580 4902; baseline 0 0"><span class='ocrx_word' id='word_1_247' title='bbox 0 0 1580 4902; x_wconf 95' lang='lat' dir='ltr'> </span> 
     </span>
    </p>
   </div>
  </div>
 </body>
</html>
