3192 4930
591 321 813 388 ...13ss

82 517 174 583 adhuc
189 535 239 582 res
254 536 314 584 non
329 517 442 584 obtulit
457 518 653 598 occasionem,
669 518 791 603 qualem
806 517 969 593 vellemus:
992 515 1092 584 risum
1111 515 1227 584 interea
1241 515 1326 584 nihi·

81 634 210 700 lomiuus
234 635 288 712 est,
317 633 469 717 quoddam
491 633 550 700 tibi
577 634 792 700 munusculum
823 633 952 700 deferre:
982 633 1019 698 de
1048 653 1107 718 quo
1136 633 1175 698 ad
1204 633 1257 700 dil.
1284 633 1326 699 til.

82 749 274 815 [amentium
309 750 357 814 tit
388 747 458 816 Stes
486 751 669 816 Anastasiae
698 748 728 816 S.
757 751 793 816 a
822 750 857 816 Ε.
885 749 1107 834 praesbiterum
1141 749 1328 816 cardinalem

83 864 278 949 Campegium
299 866 439 930 nostmm
462 866 494 931 et
509 864 590 932 sedis
606 866 789 950 apostolicae
811 865 849 931 de
863 867 958 933 latere
979 866 1116 952 legatum
1132 865 1326 950 scripsimus;

82 983 111 1046 ut
132 981 160 1046 is
183 981 411 1065 quamprimum
433 979 472 1046 ad
494 983 533 1060 te,
556 983 587 1047 et
601 982 791 1047 voluntatem
805 983 952 1061 nostram,
975 983 1006 1048 et
1026 981 1174 1048 indicium
1189 980 1326 1046 deferret.

82 1097 122 1160 lu
144 1097 181 1161 ut
208 1096 325 1162 maiora
347 1115 382 1162 er
404 1097 493 1163 nobis
523 1097 657 1182 quotidie
687 1117 804 1181 speres,
834 1099 865 1164 et
894 1116 944 1164 eos
967 1116 1042 1182 quos
1071 1098 1129 1163 tibi
1159 1097 1327 1163 obtrectare

82 1213 259 1297 conquestus
281 1231 330 1292 es,
353 1211 406 1297 qui
426 1213 532 1279 tamen
554 1232 607 1298 per
628 1232 685 1280 nos
707 1213 835 1280 cohibiti
857 1215 888 1280 et
903 1213 1070 1298 compressi
1092 1214 1179 1293 sunt,
1203 1211 1327 1279 studeas

82 1327 229 1413 dignitate
251 1329 341 1412 atque
363 1328 516 1413 elegantia
538 1329 688 1396 tactorum
719 1329 960 1414 scriptorumque
981 1331 1103 1395 tuorum
1125 1327 1271 1405 refutara3
1295 1327 1327 1393 te

82 1461 261 1529 magnopere
276 1443 482 1510 adhortamur.
507 1441 594 1524 Quod
609 1443 738 1524 efficies,
763 1445 837 1511 siin
852 1445 987 1530 gratiam
1001 1445 1059 1511 Dei
1075 1446 1165 1529 atque
1180 1445 1326 1523 posnam,

83 1561 343 1627 relevamentum
366 1551 480 1625 laboris
503 1561 616 1640 nostri,
645 1580 696 1628 eos
719 1561 773 1646 qui
795 1580 814 1627 a
836 1581 928 1627 sensu
956 1579 1044 1628 verae
1072 1561 1197 1645 pietatis
1227 1561 1326 1627 auersi

81 1680 156 1756 sunt
179 1677 328 1761 corrigere
350 1675 521 1752 conaberis;
544 1679 576 1742 et
598 1675 738 1756 docendo,
761 1679 792 1744 et
813 1676 972 1758 monendo,
995 1679 1026 1744 et
1041 1677 1214 1743 scribendo:
1237 1679 1323 1744 vale-

80 1792 236 1876 tudinique
257 1793 378 1871 servies,
401 1811 459 1876 quo
474 1793 529 1857 tua
545 1791 707 1859 sedulitate
729 1794 760 1859 et
774 1811 872 1878 opera,
887 1792 1055 1858 christiana
1069 1812 1118 1858 res
1133 1793 1194 1858 lrui
1210 1793 1326 1858 diutius

79 1909 181 1992 possit
227 1909 351 1975 Datum.
422 1909 504 1992 (ric).

679 2109 728 2172 11.

509 2255 595 2326 Regi
619 2247 898 2333 portugalliae.¹)

166 2405 330 2474 Carissimo
357 2405 412 2474 fili.
457 2405 529 2472 Nisi
557 2407 680 2473 honoris
710 2409 741 2474 et
754 2391 757 2396 ¹
770 2407 903 2475 nominis
931 2407 978 2474 tui
1006 2427 1074 2474 eam
1104 2427 1208 2474 curam
1237 2427 1325 2493 gere·

79 2543 180 2590 remus
196 2542 287 2609 quam
309 2525 412 2590 noster
432 2525 577 2608 paternus
599 2523 633 2588 in
654 2524 739 2591 tuam
760 2524 954 2590 serenitatem
977 2542 1062 2590 amor
1083 2525 1227 2608 postulat,
1250 2543 1326 2610 quac

77 2639 116 2704 ad
139 2657 195 2706 nos
217 2638 316 2706 delata
340 2641 412 2705 sunt
434 2641 465 2705 et
486 2639 620 2723 quotidie
642 2638 826 2720 deferuntur,
848 2639 975 2706 nonita
997 2639 1165 2707 movissent
1187 2640 1326 2706 animum

77 2757 217 2820 uostnrm
245 2756 323 2821 sicut
351 2757 520 2834 morenmt,
549 2755 584 2820 ut
606 2755 664 2821 hac
693 2755 730 2820 de
752 2775 785 2821 re
813 2756 948 2840 primum
977 2774 1047 2822 cum
1077 2756 1240 2822 serenitate
1270 2757 1324 2820 tua

77 2869 231 2954 agendum
251 2873 444 2955 putaremus:
473 2889 543 2937 eum
565 2870 649 2936 enim
677 2871 716 2936 ab
745 2871 834 2937 initio
857 2871 981 2936 illorum
1010 2873 1183 2956 temporum
1213 2871 1324 2956 quibus

74 2986 177 3051 clarae
200 2985 361 3053 mamonae
382 2987 532 3052 Emanual
560 2987 681 3071 genitor
702 2987 775 3052 tuus
797 3005 816 3052 a
838 2987 1013 3071 regionibus
1036 2987 1162 3054 orientis
1185 2986 1324 3053 omniurn

76 3103 140 3168 lere
164 3121 272 3186 genera
286 3103 459 3169 aromatum
481 3102 520 3168 ad
541 3103 663 3168 nostras
678 3103 780 3186 partes
795 3101 901 3168 afferre
917 3103 997 3187 oepit
1011 3103 1045 3168 in
1060 3103 1197 3168 omnium
1212 3101 1325 3168 animis

73 3237 147 3301 spes
178 3219 209 3282 et
234 3218 352 3284 laetitia
380 3217 530 3302 quaedam
558 3219 662 3284 exorta
690 3217 808 3298 finisset,
838 3217 918 3302 quod
947 3217 1071 3284 illomm
1093 3219 1125 3282 et
1153 3216 1323 3282 uberiorem

71 3335 198 3418 copiam
217 3337 247 3400 et
267 3334 435 3401 faciliorem
464 3335 721 3419 comparationem
743 3352 849 3400 omnes
871 3335 936 3400 fore
956 3333 1193 3412 arbitrabantur,
1216 3353 1264 3398 ras
1288 3333 1321 3397 in

68 3449 259 3517 sommarium
281 3451 326 3517 ita
347 3469 491 3516 conversa
513 3451 569 3529 est
599 3452 635 3515 ut
657 3450 695 3514 ad
718 3470 773 3517 nos
795 3452 827 3516 et
849 3449 888 3515 ad
911 3449 1014 3516 sedem
1029 3448 1228 3533 apostolicam
1244 3467 1320 3534 quo-

67 3565 153 3630 tidie
168 3567 286 3633 ueuiant
301 3567 453 3652 querelae:
477 3585 532 3632 nec
547 3566 610 3632 iam
626 3567 807 3650 singulatim
823 3566 876 3632 sed
891 3565 1077 3650 populariter
1093 3564 1324 3648 implorantium

68 3679 287 3748 auctoritatem
315 3683 454 3747 nostram
476 3683 507 3746 et
529 3681 755 3748 obsecrantium
777 3683 813 3746 ut
835 3681 906 3746 huic
928 3683 1015 3746 tanto
1039 3679 1134 3746 totius
1158 3680 1267 3745 Italiae
1290 3699 1325 3745 ac

66 3797 135 3862 iere
152 3795 283 3881 reliquae
297 3797 534 3863 christianitatis
549 3797 740 3864 incommodo
764 3815 935 3864 succurrere
954 3796 1100 3861 velimus:
1124 3814 1253 3880 quorum
1268 3814 1323 3862 nos

64 3931 184 3995 preces
196 3913 287 3980 iustas
301 3913 483 3999 praesertim
504 3931 565 3982 non
579 3932 742 3997 possumus
757 3913 920 3998 negligere.
944 3913 1051 3995 Itaque
1066 3911 1105 3976 ad
1130 3911 1325 3978 serenitatem

65 4033 164 4092 tuam
190 4030 376 4097 scribendum
398 4029 548 4108 duximus,
571 4029 659 4096 illam
674 4029 708 4095 in
722 4029 845 4096 domino
867 4027 1036 4112 plurimum
1050 4027 1208 4093 hortantes
1231 4028 1275 4106 ut,
1292 4045 1326 4092 re

61 4141 238 4225 diligente
264 4144 463 4222 considerata,
492 4143 661 4210 remedium
689 4143 812 4230 aliquod
833 4144 976 4210 adbibere
999 4143 1081 4222 velit,
1111 4160 1170 4227 quo
1199 4143 1322 4209 tanturn

61 4257 253 4341 populorum
281 4279 317 4326 ac
345 4259 486 4345 gentium
514 4260 571 4325 hoa
599 4259 791 4326 intolerabile
821 4277 898 4326 onus
927 4260 1060 4325 leretur:
1092 4258 1212 4341 praeter
1241 4257 1325 4324 anun

172 4469 492 4534 ¹)J0muer111quieuno
513 4475 588 4536 1521,
614 4476 667 4524 Xtt
684 4475 732 4524 irat.
750 4473 856 4524 ianuarii
876 4473 925 4534 regi
944 4473 1087 4524 Emmanuel!
1106 4475 1116 4522 1
1135 4477 1287 4526 successerat.
