3192 4930
736 247 935 310 ..g-

211 442 337 509 vooante
365 441 455 506 illum
479 440 642 507 serenitate
670 441 725 505 tua
747 442 778 506 et
807 440 847 504 ad
868 440 1001 506 reditum
1029 441 1188 508 invitante.
1217 442 1461 509 existimavimus

210 559 242 625 te
263 557 381 642 optima
402 557 520 624 ratione
542 575 747 642 quaecumque
768 557 881 623 iaceret
903 557 1007 623 omnia
1028 577 1127 642 agere,
1150 558 1379 642 doctissimique
1403 559 1459 624 bo-

211 673 306 741 minis
335 675 367 740 et
395 672 457 738 tibi
486 672 661 756 fidelissimi
692 673 838 738 virtutem
865 692 928 738 non
956 673 1059 739 minus
1088 673 1148 739 tibi
1175 675 1368 757 praesentem
1397 675 1460 740 fore

211 788 403 857 commodam
425 808 461 854 ao
490 807 566 872 quae
589 789 700 855 absens
723 789 883 854 extitisset
930 787 990 854 Sed
1011 809 1082 854 cum
1103 807 1138 854 eo
1160 789 1285 854 homine
1312 790 1460 874 prudente

212 907 245 972 et
265 905 355 972 nobis
377 904 468 971 valde
496 905 631 989 probato,
662 905 722 970 etsi
750 905 785 970 in
806 903 992 988 quotidianis
1016 905 1207 970 sermonibus
1229 905 1344 972 nostris
1365 906 1460 974 libero

211 1023 243 1088 et
264 1021 367 1106 aperte
389 1020 680 1086 communicavimus
703 1021 851 1104 quantum
873 1020 1031 1086 serenitati
1052 1021 1122 1086 tuae
1137 1020 1279 1086 omnibus
1302 1020 1339 1088 de
1361 1021 1461 1088 causis

211 1137 316 1204 omnia
338 1135 525 1217 deberemus,
554 1136 608 1220 qui
629 1137 683 1202 tua
711 1135 947 1201 innumerabilia
969 1135 1187 1219 propemodum
1208 1154 1281 1220 erga
1309 1156 1366 1204 nos
1388 1137 1460 1204 dum

210 1253 244 1321 in
266 1253 436 1320 minoribus
459 1271 596 1318 essemus
618 1251 772 1332 beneficia,
793 1251 827 1316 in
848 1251 928 1316 banc
950 1253 1088 1316 sanctam
1111 1251 1214 1318 sedem
1228 1251 1334 1342 officia,
1350 1272 1460 1336 possu-

212 1389 283 1436 mus
305 1387 550 1448 oommemorare,
572 1368 683 1452 quibus
707 1368 735 1434 si
755 1367 780 1432 ii
802 1385 908 1432 sumus
931 1367 1072 1452 quiesse
1094 1367 1239 1434 debemus
1261 1369 1346 1434 omni
1361 1369 1462 1453 grstia

213 1483 312 1551 simus
334 1483 490 1561 obstricti3
514 1485 618 1550 tamur
640 1483 794 1550 voluimus
816 1483 956 1548 redeunti
976 1482 1037 1567 ipsi
1051 1483 1109 1548 bas
1131 1484 1252 1550 nostras
1275 1483 1315 1549 ad
1336 1485 1368 1550 te
1390 1483 1461 1551 dare

212 1591 333 1668 litteras
355 1600 466 1685 quibus
481 1619 546 1678 nos,
568 1619 630 1666 non
644 1600 813 1666 necessario
830 1598 920 1686 (satis
943 1599 1026 1664 enim
1048 1600 1112 1666 iam
1133 1601 1248 1665 usura
1265 1600 1347 1685 opud
1368 1601 1462 1666 teest

212 1715 354 1784 voluntas
376 1713 494 1802 nostra)
519 1715 573 1782 sed
594 1715 630 1782 ut
658 1716 760 1782 animo
786 1714 848 1799 ipsi
876 1715 979 1782 nostro
1009 1734 1126 1783 morem
1148 1735 1331 1800 gereremus,
1361 1717 1460 1800 signi-

214 1833 374 1899 ficaremus
396 1831 455 1899 tibi
476 1851 633 1917 nunqnam
654 1850 711 1897 nos
732 1831 885 1915 positruos
907 1831 1088 1897 memoriam
1111 1833 1182 1898 tuae
1203 1834 1366 1916 perpetuos
1389 1853 1461 1916 erga

212 1965 268 2014 nos
291 1947 473 2014 voluntatis:
503 1949 534 2014 et
556 1967 626 2014 cum
648 1945 752 2012 omnia
773 1964 849 2032 queo
872 1948 926 2012 aut
946 1946 1006 2012 Dei
1035 1967 1090 2031 opo
1113 1948 1167 2013 aut
1188 1948 1293 2013 nostru
1316 1948 1461 2014 facultate

213 2061 381 2148 poterimus
405 2062 603 2150 (quamquam
626 2063 726 2130 omnis
740 2062 846 2128 nostra
867 2061 998 2128 facultas
1013 2081 1032 2127 a
1046 2062 1110 2128 Deo
1133 2059 1194 2148 est)
1213 2063 1248 2128 in
1269 2063 1316 2128 tui
1338 2063 1461 2130 honoris
1594 2132 1595 2147 ,

214 2177 449 2263 amplitudinem
471 2179 633 2264 egerimus,
655 2179 745 2263 longe
768 2178 862 2244 etiam
884 2179 952 2244 tum
973 2178 1117 2244 inferiora
1139 2179 1203 2244 tuis
1218 2178 1338 2244 meritis
1362 2177 1462 2244 studia
1594 2168 1595 2181 ¹

213 2293 318 2360 nostra
347 2313 414 2360 osse
443 2293 678 2361 existimaturos.
724 2291 785 2360 Sed
813 2293 888 2360 haec
918 2293 1031 2378 scripta
1060 2293 1189 2360 anobis
1220 2313 1301 2360 nunc
1331 2293 1464 2360 breviter

214 2407 372 2494 multaque
393 2409 548 2494 praeterea
569 2408 602 2476 in
626 2409 817 2476 sermonibus
839 2409 979 2488 nouo,
1002 2406 1101 2476 eidem
1123 2408 1253 2476 Ricardo
1276 2409 1389 2476 oratori
1411 2410 1464 2475 tuo
1589 2428 1594 2456 u

214 2522 308 2590 latius
337 2525 408 2590 tuoe
445 2525 603 2592 serenitati
636 2525 809 2610 exponenda
838 2524 1058 2605 commisimus,
1087 2525 1136 2591 cui
1165 2529 1260 2593 sortes.
1290 2527 1344 2592 tua
1372 2523 1465 2590 iidem
1587 2527 1594 2616 t

217 2637 383 2708 adhibebit
428 2641 545 2707 Datum
567 2641 682 2708 Rornae
704 2640 752 2707 iiii
773 2640 881 2708 Mautii
902 2641 1033 2708 mdmiv.
1077 2640 1167 2708 Anno
1188 2641 1297 2726 primo.
1394 2631 1399 2641 “

828 2955 858 3022 7.

712 3129 971 3218 Eboracensi.¹)

302 3298 420 3368 Dilecto
443 3299 489 3368 fili
510 3301 621 3368 noster.
667 3301 822 3367 Redeuute
853 3300 891 3366 ud
920 3301 1016 3368 istum
1040 3319 1158 3368 seuseu.
1188 3322 1290 3388 regem
1320 3303 1351 3367 et
1372 3303 1411 3367 ad
1436 3305 1467 3368 te

215 3414 325 3482 dilecto
354 3415 418 3482 tilio
440 3415 570 3482 Ricardo
592 3415 688 3482 Paceo
711 3416 764 3502 qui
786 3417 914 3482 oratoris
936 3437 1096 3501 personum
1121 3437 1234 3501 magna
1261 3438 1330 3482 cum
1354 3417 1412 3483 tide
1436 3421 1468 3484 et

215 3531 248 3598 iu
270 3529 413 3598 omnibus
442 3531 533 3597 rebus
563 3531 725 3615 prudentia
754 3532 861 3612 tenmt
890 3533 950 3598 etsi
979 3551 1048 3598 cum
1071 3551 1105 3597 eo
1136 3517 1224 3617 saepe
1247 3533 1283 3599 de
1305 3532 1344 3598 iis
1374 3535 1466 3598 rebus

215 3665 292 3732 quoe
314 3647 348 3714 in
370 3647 434 3714 dies
458 3645 637 3715 eveniebant
657 3647 752 3714 locuti
775 3645 912 3713 animum
935 3649 1074 3713 nostrinn
1096 3647 1146 3712 illi
1167 3648 1365 3731 patefecimus
1389 3668 1463 3713 con-

216 3781 339 3830 versum
362 3763 462 3830 totum
485 3763 524 3830 ad
546 3761 788 3830 benevolentiam
818 3781 891 3847 erga
913 3781 969 3830 nos
991 3761 1082 3827 istius
1110 3761 1309 3828 invictissimi
1329 3763 1412 3847 regis
1435 3768 1467 3829 et

310 4013 327 4078 Ι)
344 4015 444 4066 Thomu
462 4015 555 4072 wolsoy
573 4013 703 4064 cardinalb
715 4013 866 4063 homoeusio
881 4015 938 4062 tuuc
956 4014 1134 4074 potentissimus
1150 4013 1244 4063 liodrici
1255 4015 1309 4064 vul
1320 4015 1467 4075 administer,

216 4115 307 4174 humili,
326 4113 366 4164 rud
384 4113 484 4164 boante
502 4127 585 4172 renovo
602 4115 681 4174 ustus,
706 4111 951 4162 numunianum
974 4112 1036 4172 apud
1057 4113 1182 4161 Bourienos
1199 4112 1241 4160 Vii
1259 4111 1358 4172 adeptus
1380 4115 1417 4162 est
1435 4116 1467 4161 ob

217 4213 296 4264 initos·
313 4213 431 4264 mutatus
449 4225 501 4262 cum
520 4213 661 4273 imperatore
682 4211 841 4262 biuimiliauo
859 4209 962 4260 habitos.
998 4211 1033 4258 sd
1055 4223 1187 4272 supremum
1204 4210 1356 4270 pontificatus
1375 4212 1466 4272 apicem

217 4323 263 4360 uon
281 4311 353 4360 dubis
374 4311 502 4361 ambitione
520 4309 642 4360 subduco
660 4309 742 4372 betur,
767 4311 839 4368 stoue
862 4307 908 4357 bno
929 4321 973 4356 rus
990 4321 1032 4368 spe
1050 4308 1179 4357 destitutus
1203 4309 1324 4370 prsodpuc
1341 4311 1397 4370 post
1417 4309 1469 4358 Es-

215 4407 291 4458 ausui
309 4407 328 4456 i
347 4411 453 4472 morton,
479 4421 506 4458 uc
523 4411 599 4458 mous
617 4409 753 4459 eiectionem
772 4420 839 4460 soom
856 4419 871 4456 a
888 4405 987 4460 &aare
1009 4407 1097 4456 aversi·
1115 4406 1206 4458 nunus
1227 4407 1300 4458 inisse
1318 4406 1468 4471 mentum,
