3132 4910
768 384 814 424 .;.
858 371 1017 444 866·ss

263 565 513 657 opulentissimae
535 569 701 638 Mediolani
729 572 856 638 abillis
885 571 1025 657 receptio.
1070 569 1136 652 Quo
1159 569 1295 656 tempore
1323 591 1391 640 cum
1418 567 1496 638 duces

263 690 310 755 tui
333 688 370 754 dc
385 686 559 756 defensione
572 685 697 753 illamm
720 687 879 771 regionum
895 705 980 770 spem
996 688 1094 753 totam
1109 688 1284 771 posuissent
1306 707 1341 754 ac
1355 688 1391 754 de
1405 707 1497 754 earnm

263 805 387 889 insuper
409 822 486 889 qnae
508 805 579 868 truse
593 805 680 870 erant
702 802 840 887 propriae
858 802 991 886 periculo
1014 805 1289 880 commoverentur;
1311 822 1367 869 nos
1388 821 1452 870 vero
1470 803 1497 866 in

265 939 377 1004 magno
399 923 431 986 at
445 921 618 986 nostrarum
640 937 741 984 rerum
757 919 841 984 metu
863 937 1015 996 sesamum
1036 918 1081 985 eie
1096 919 1347 985 conventionibus
1362 937 1498 985 occurrere

263 1037 360 1102 coacti
381 1035 497 1101 lmmus
518 1034 694 1101 imminenti
715 1033 856 1118 periculo,
878 1053 954 1119 quas
976 1035 1012 1099 tu
1026 1034 1142 1118 optime
1161 1036 1253 1114 nosti,
1276 1054 1312 1100 ex
1333 1035 1439 1119 quibus
1458 1033 1497 1098 vi·

264 1151 340 1216 disti
361 1153 396 1216 tu
418 1150 551 1234 prolecto
574 1151 605 1215 ct
626 1149 797 1234 cognovisti
826 1167 903 1233 quae
924 1148 1013 1215 nobis
1035 1152 1117 1216 essct
1138 1167 1218 1228 cura,
1242 1170 1319 1235 quac
1343 1151 1437 1216 cautio
1457 1169 1497 1214 re

264 1287 333 1332 rum
355 1267 487 1346 tuarum,
516 1285 585 1330 cum
609 1263 809 1330 nihilomiuus
839 1265 896 1332 tibi
926 1265 1075 1349 rebusque
1097 1264 1168 1344 tuis,
1197 1283 1291 1349 quam
1313 1267 1346 1331 et
1375 1265 1455 1332 nobis
1474 1265 1500 1328 et

265 1379 378 1446 nostris
400 1397 582 1446 caveremus.
614 1379 679 1446 Hoc
701 1379 779 1444 tusi
801 1379 891 1458 nosti,
912 1397 990 1464 quac
1012 1379 1052 1446 ad
1066 1382 1096 1446 te
1111 1381 1191 1446 certe
1212 1383 1419 1466 pervenerunt,
1433 1379 1499 1446 nibil

264 1515 339 1580 opus
355 1498 402 1562 est
416 1495 502 1562 illius
517 1495 664 1579 temporis
687 1495 821 1562 actiones
837 1497 958 1563 nostras
974 1496 1168 1580 comprobare
1183 1495 1263 1581 apud
1278 1498 1318 1576 tc,
1343 1497 1497 1582 singulum·

265 1631 322 1696 quc
345 1611 495 1696 quoddam
520 1611 656 1678 studium
679 1612 817 1677 nostrum
842 1612 941 1676 statne
957 1611 1139 1695 honorisque
1161 1612 1208 1678 tui
1230 1611 1403 1688 ostendens
1423 1611 1498 1678 facile

265 1729 347 1794 enirn
371 1728 427 1794 hos
449 1727 508 1794 tibi
530 1745 579 1792 res
601 1725 669 1811 ipsa
698 1726 879 1804 declararit;
910 1727 959 1792 sin
981 1729 1085 1793 autern
1108 1728 1156 1792 vel
1185 1746 1247 1794 non
1276 1727 1441 1812 cognovisti
1460 1727 1498 1790 vel

265 1845 378 1910 oblitus
393 1863 435 1922 es,
458 1841 517 1909 erit
531 1843 652 1926 tompus
667 1841 856 1908 commodius
871 1859 930 1928 qno
944 1842 1006 1909 ista
1020 1861 1204 1928 exponamus
1220 1862 1298 1927 quac
1312 1845 1345 1908 ot
1359 1841 1498 1910 Gallomn

264 1959 430 2024 transitum
444 1959 477 2024 in
492 1958 538 2024 tui
552 1957 640 2042 regni
655 1957 731 2024 lines
745 1957 854 2024 multis
868 1959 958 2026 rebus
981 1959 1092 2024 tentati
1106 1958 1221 2024 luimus
1235 1959 1268 2024 et
1282 1977 1362 2038 cum,
1378 1959 1405 2024 si
1418 1957 1498 2024 sorie-

265 2076 323 2140 tati
346 2093 450 2140 eorum
473 2073 675 2139 voluissemus
691 2072 784 2157 sequi,
806 2073 942 2140 maxima
957 2072 1045 2140 nobis
1060 2074 1177 2158 premia
1200 2093 1261 2140 non
1284 2075 1385 2140 solnm
1406 2091 1498 2158 propo·

265 2192 415 2269 necentur,
438 2189 490 2254 sed
514 2189 608 2255 ctiam
622 2190 725 2254 essent
747 2190 862 2272 parata
886 2189 924 2254 ab
940 2188 1082 2255 instituto
1106 2190 1209 2254 nostro
1233 2207 1294 2255 non
1308 2189 1498 2255 discessimus

265 2306 393 2390 plusque
407 2304 487 2389 apud
502 2323 558 2370 nos
573 2303 726 2368 amicitiae
749 2305 819 2370 turae
835 2304 982 2370 memoria
1004 2322 1096 2388 quarn
1111 2305 1263 2388 premium
1287 2305 1388 2369 ullum
1409 2301 1498 2368 saluit.
1560 2327 1561 2364 1

266 2419 375 2487 Secuta
404 2421 453 2486 est
474 2419 600 2486 victorie
629 2421 761 2500 tuorum,
790 2418 932 2486 adversos
956 2417 1071 2499 Gallos,
1100 2439 1160 2505 qua
1183 2419 1293 2504 adepta
1315 2439 1386 2484 cnm
1413 2416 1499 2484 omnis

266 2536 353 2603 nobis
377 2536 499 2603 sublata
513 2534 666 2602 contentio
689 2534 848 2614 videretur,
871 2553 1001 2618 cumque
1015 2553 1083 2600 eam
1107 2535 1173 2600 sine
1187 2535 1367 2619 cupiditatis
1388 2537 1419 2600 et
1439 2551 1498 2616 par·

265 2652 345 2718 tium
372 2651 540 2736 suspitione
567 2650 627 2717 tibi
650 2649 819 2716 videremur
848 2651 943 2716 etiam
966 2649 1095 2717 foederis
1118 2649 1238 2717 viuculo
1267 2651 1392 2718 haerere
1418 2665 1499 2734 posse

265 2785 472 2852 magnumque
493 2767 527 2832 in
549 2785 583 2832 eo
606 2767 783 2832 benefitium
807 2766 916 2832 Italiac
945 2767 976 2831 et
999 2765 1235 2832 christianitatis
1264 2767 1360 2832 totius
1382 2765 1499 2850 positam

265 2883 498 2958 arbitraremur;
530 2898 591 2948 non
621 2881 709 2948 ledus
734 2883 832 2948 solum
855 2881 991 2961 fecimus,
1024 2882 1078 2948 sed
1101 2898 1160 2966 quo
1191 2882 1239 2948 tui
1269 2881 1362 2949 duces
1393 2881 1499 2965 egentes

266 2997 409 3083 pecuniae
446 2998 527 3064 alere
564 2999 595 3062 et
625 2998 774 3064 sustinere
810 2997 974 3063 exercitum
1011 3001 1154 3081 possent,
1187 3016 1316 3082 cumque
1347 3015 1367 3062 a
1401 2992 1500 3062 nostm

267 3114 379 3179 linibus
402 3113 585 3180 abducerent
613 3116 735 3180 centum
758 3113 822 3178 illis
845 3112 986 3178 dedimus
1008 3112 1187 3178 ducatorum
1216 3113 1324 3192 millia
1347 3109 1500 3177 conditione

267 3230 420 3314 apposita,
451 3232 485 3294 ut
515 3230 542 3294 si
566 3228 604 3295 de
627 3228 744 3295 foedere
774 3229 876 3312 aliqua
900 3227 1050 3294 dubitatio
1074 3229 1132 3294 tibi
1161 3229 1298 3308 oriretur,
1329 3227 1400 3294 illae
1427 3222 1499 3291 nobis
1559 3235 1560 3316 j

267 3345 410 3430 pecuniae
432 3344 678 3420 restituerentur3
702 3362 736 3410 eo
759 3343 876 3412 foedere
897 3344 954 3409 abs
976 3345 1007 3410 te
1030 3361 1091 3410 non
1107 3345 1197 3428 plane
1224 3345 1348 3428 accepto
1369 3361 1422 3410 neo
1441 3355 1499 3424 pro-

267 3462 354 3539 bato,
390 3479 460 3526 cum
489 3461 611 3544 propter
639 3459 839 3526 emulationes
867 3457 1056 3543 quomndam
1085 3477 1120 3524 or
1151 3459 1279 3525 ducibus
1311 3460 1374 3525 tuis
1403 3459 1432 3523 ct
1458 3455 1499 3520 iu·

267 3578 356 3661 grata
377 3576 486 3642 ceteris
514 3574 642 3642 consilia
664 3576 710 3641 bo.
733 3593 791 3640 me.
814 3575 966 3640 Piscariae
988 3574 1124 3640 marchio
1148 3575 1296 3641 nonnulla
1317 3575 1428 3640 iactare
1447 3575 1499 3635 tru-

267 3694 408 3776 ctarequc
430 3691 569 3774 cepisset,
597 3709 674 3776 quae
701 3691 734 3756 in
757 3690 973 3757 detrimentum
997 3691 1044 3756 tui
1066 3691 1165 3756 status
1189 3689 1307 3756 intendi
1329 3688 1500 3756 nectentur,

268 3826 382 3892 nosque
410 3805 467 3871 illa
489 3807 583 3872 etiam
611 3807 740 3873 consilia
769 3805 1121 3890 caerimoniaeque
1149 3803 1267 3872 loedere
1290 3806 1379 3872 abste
1406 3801 1499 3869 reiecto

268 3941 405 3988 essemus
427 3921 549 4005 penitus
564 3923 727 4006 aspernati,
750 3923 908 4007 querentes
923 3920 1066 3988 videlicet
1088 3921 1115 3986 si
1130 3921 1165 3986 tu
1179 3921 1268 3988 nobis
1283 3922 1404 3987 deesses
1426 3913 1500 3984 sicuti

268 4039 332 4104 iam
355 4039 468 4118 deeras,
491 4038 544 4104 ubi
567 4057 725 4122 possemus
740 4038 799 4103 niti
815 4040 905 4121 atque
919 4036 1082 4114 confiderer
1106 4038 1173 4103 tum
1189 4055 1284 4121 neque
1299 4037 1362 4121 ipsi
1375 4033 1414 4102 ad
1436 4033 1500 4098 fact

270 4155 388 4221 aditum
411 4155 508 4220 ullum
539 4153 734 4232 tenuvimns,
765 4155 797 4220 et
826 4153 964 4220 vincente
986 4155 1071 4220 tuam
1094 4154 1126 4218 in
1155 4171 1213 4219 nos
1240 4153 1388 4218 duritiam
1416 4163 1500 4215 amore
1558 4179 1559 4239 3

270 4289 344 4354 erge
358 4273 389 4336 te
404 4271 516 4349 nostro,
531 4269 723 4336 recordamur
736 4270 768 4335 te
783 4269 939 4336 admoneri
954 4269 1115 4335 mendasse
1130 4270 1166 4335 ut
1179 4268 1271 4336 duces
1287 4270 1357 4334 tuos
1371 4269 1404 4334 in
1417 4263 1500 4336 Itali&

270 4402 399 4468 quorum
413 4385 447 4449 in
461 4403 554 4450 manu
576 4403 625 4451 res
640 4387 711 4452 tuae
726 4387 836 4464 essent,
852 4403 972 4451 curares
987 4385 1025 4452 dc
1038 4386 1070 4451 te
1092 4403 1159 4451 esse
1176 4386 1343 4465 contentos,
1366 4400 1423 4468 qno
1436 4381 1499 4446 certe

271 4497 371 4563 officio
402 4497 461 4563 tibi
485 4500 610 4581 probare
640 4500 815 4582 debuimus,
846 4519 913 4568 esse
936 4501 1025 4568 uobis
1048 4502 1243 4568 vehomenter
1266 4517 1357 4568 curce
1386 4495 1497 4584 quietem
