3192 4930
744 313 945 380 -4-

214 506 321 592 maria
350 506 528 574 discrimina
557 507 622 574 sedi
651 509 833 592 apostolicae
863 507 1045 575 accidissent
1072 509 1102 574 te
1125 505 1158 573 in
1180 507 1225 574 616
1247 507 1399 587 omnibus,
1421 507 1465 573 116

213 624 323 690 fortem
352 626 384 690 et
413 626 568 689 strenuam
591 643 714 708 operam
743 644 796 708 pro
826 625 893 709 ipso
921 625 1150 708 praedecessore
1178 625 1210 690 et
1238 624 1332 690 fratre
1361 625 1463 689 nostro

216 741 380 825 sanctaque
403 739 461 805 hac
484 740 553 805 sede
575 741 739 824 prebuisse,
762 741 797 806 ut
819 739 878 806 fide
901 742 933 806 61
947 741 1124 806 fortitudine
1146 739 1268 806 nemine
1290 739 1463 824 apparueris

212 855 344 926 inferior.
389 856 507 922 Deinde
529 857 609 922 dicto
632 857 730 923 Leone
751 857 894 940 pontifice
917 876 952 923 er
974 856 1118 922 humanis
1141 856 1231 921 rebus
1254 857 1371 940 erepto:
1394 875 1462 921 cum

212 972 383 1056 respublica
397 971 625 1038 florentinomm
641 972 818 1039 difficilibus
841 973 905 1039 suis
921 973 1157 1056 periculosisque
1172 971 1361 1056 temporibus
1376 990 1462 1054 opem

211 1090 300 1153 tuam.
320 1107 356 1154 ac
378 1088 523 1154 virtutem
544 1089 584 1154 ad
605 1088 825 1172 propulsandas
846 1089 1040 1154 inimicorum
1063 1088 1173 1167 minas,
1195 1107 1291 1172 neque
1314 1088 1346 1153 id
1369 1087 1461 1154 semel

211 1203 419 1288 expetivisset,
442 1223 556 1289 nosque
571 1204 666 1270 etiam
687 1224 741 1290 pro
763 1205 869 1270 nostra
891 1223 1012 1270 summa
1026 1204 1059 1269 in
1081 1204 1170 1269 illam
1189 1203 1346 1269 civilatem
1369 1221 1460 1287 quam

210 1319 244 1385 in
266 1319 356 1386 terris
384 1320 517 1404 patriam
546 1320 738 1386 carissimam
767 1319 925 1401 habemus,
957 1319 1171 1400 benivolentia,
1193 1319 1277 1385 idem
1299 1338 1318 1384 a
1340 1320 1371 1384 16
1393 1319 1459 1384 tum

210 1435 494 1520 postulavissemus3
524 1456 585 1504 non
606 1455 768 1520 possumus
797 1435 937 1502 oblivisci
960 1455 1019 1526 qua
1048 1437 1083 1501 tn
1105 1436 1165 1502 fide
1194 1434 1348 1521 animique
1371 1452 1458 1518 prae-

210 1553 325 1619 stantia
347 1552 505 1618 secnritati
518 1553 549 1618 et
572 1552 665 1618 saluti
686 1551 772 1617 illius
787 1551 922 1618 civitatis
938 1552 1134 1632 consulueris,
1157 1551 1352 1637 hostiumque
1374 1569 1459 1616 arma

209 1667 389 1752 represseris
412 1668 443 1734 et
466 1666 681 1734 summovens:
704 1666 737 1732 16
760 1686 818 1752 quo
842 1667 931 1733 facile
954 1668 1119 1751 apparebat
1141 1670 1172 1733 te
1195 1669 1262 1733 tam
1284 1667 1405 1734 fidelem
1428 1667 1460 1731 et

210 1789 366 1853 strenuam
389 1801 512 1869 operam
534 1784 602 1848 turn
628 1783 700 1849 fidei
721 1785 800 1863 tuae,
830 1801 890 1868 qua
912 1784 943 1848 16
965 1782 1015 1847 1111
1043 1783 1226 1868 reipublicae
1255 1783 1458 1849 obstrinxeras

208 1901 349 1983 tribuere,
371 1903 440 1967 tum
463 1919 535 1984 erga
556 1917 612 1964 666
635 1898 739 1965 amori.
785 1897 932 1964 Secutum
953 1900 1002 1964 est
1023 1900 1145 1984 tempus
1167 1899 1305 1965 omnium
1327 1899 1459 1965 manime

208 2021 333 2102 anceps:
362 2035 421 2103 quo
445 2015 514 2082 sede
542 2015 709 2100 apostolica
729 2033 784 2099 per
811 2015 943 2080 mortem
970 2013 1040 2099 piae
1067 2034 1126 2081 me.
1155 2015 1284 2082 Adriani
1305 2013 1458 2099 pontificis

207 2136 330 2218 tempus
353 2133 443 2200 solito
457 2133 580 2217 longius
594 2132 729 2210 vacante,
760 2149 831 2197 cum
853 2131 959 2197 nostra
981 2132 1012 2196 61
1036 2128 1065 2198 S.
1080 2131 1117 2198 R
1132 2131 1166 2198 E.
1190 2132 1299 2198 civitas
1320 2129 1458 2197 Mutinae

207 2250 247 2316 ad
269 2249 467 2316 defectionem
490 2248 705 2314 sollicitaretur
727 2266 762 2313 ao
776 2247 824 2312 vis
840 2249 925 2313 entra
947 2247 1071 2313 hostilis
1086 2247 1255 2333 ingrueret,
1278 2248 1362 2314 intus
1377 2265 1456 2326 vero,

207 2384 304 2450 neque
326 2365 415 2430 firmo
429 2363 588 2450 praesidio,
611 2381 708 2446 neque
722 2363 831 2428 ceteris
847 2363 938 2428 robus
961 2364 999 2428 ad
1015 2363 1221 2431 defensionem
1234 2364 1361 2443 idoneis,
1382 2364 1456 2428 urbs

207 2482 284 2548 66116
306 2480 426 2548 munita
440 2481 536 2546 esset:
559 2481 613 2545 166
634 2480 739 2545 tamen
754 2477 905 2563 singulari
920 2479 1082 2564 vigilantia
1103 2483 1135 2546 el
1149 2481 1270 2561 6161616,
1293 2499 1328 2546 66
1343 2479 1456 2545 civium

205 2599 330 2666 illorum
351 2597 411 2663 fide
439 2597 470 2662 et
500 2596 600 2662 studio
629 2593 809 2675 incredibili,
839 2594 989 2660 16661116
1019 2598 1066 2661 est
1095 2595 1204 2662 civitas
1234 2595 1456 2662 ecclesiasticae

205 2713 315 2781 ditioni
337 2715 369 2778 61
397 2710 544 2795 potestati
571 2712 756 2776 conservata.
800 2710 860 2775 Pro
883 2709 993 2793 quibus
1023 2712 1164 2777 omnibus
1195 2729 1250 2777 nos
1273 2711 1456 2795 paulopost

204 2830 264 2896 Dei
292 2828 510 2912 omnipotentis
537 2826 664 2892 consilio
686 2845 721 2892 ac
750 2825 855 2892 celesti
878 2826 1023 2892 beneficio
1052 2827 1092 2892 ad
1122 2827 1235 2893 summi
1266 2827 1455 2912 apostolatus

203 2947 321 3031 apicem
343 2944 447 3023 evecti,
469 2962 540 3009 curn
562 2942 599 3008 de
621 2941 684 3007 tuis
706 2941 832 3027 premiis
848 2941 1044 3026 cogitandum
1066 2943 1153 3008 nobis
1169 2943 1233 3009 iure
1250 2942 1456 3021 statuerimus,

203 3061 235 3126 id
257 3060 454 3144 potissimum
475 3058 625 3142 elegimus
648 3058 728 3143 quod
750 3058 938 3124 militaribus
962 3058 1073 3124 studiis
1095 3059 1157 3124 tuis
1180 3077 1215 3123 ac
1238 3058 1364 3125 bellicae
1386 3059 1452 3124 vir-

202 3176 272 3257 tuti,
295 3195 365 3243 cum
387 3175 492 3241 nostro
515 3176 546 3240 et
568 3173 705 3240 eiusdem
727 3171 796 3241 saa,
814 3172 901 3240 Sedis
924 3173 1082 3240 commodo
1105 3176 1341 3242 consentaneum
1363 3175 1453 3240 osset.

202 3291 391 3378 Quapropter
418 3293 450 3357 16
478 3291 710 3376 gobematorem
739 3291 912 3374 generalem
944 3292 1117 3356 nostrorum
1140 3292 1171 3356 el
1194 3289 1223 3356 S.
1247 3293 1283 3357 R.
1307 3291 1340 3356 Ε.
1364 3309 1451 3355 erer-

200 3409 316 3475 cituum
331 3410 434 3474 tenore
448 3405 654 3491 praesentium
669 3405 883 3472 constituimus
899 3405 1028 3472 facimus
1044 3425 1079 3472 ac
1094 3405 1283 3490 deputamus
1307 3405 1454 3472 Volentes

200 3527 290 3609 atque
319 3523 512 3591 decernentes
541 3524 577 3589 ut
606 3523 650 3588 616
679 3522 857 3602 honoribus,
888 3522 1068 3602 commodis,
1098 3521 1328 3603 emolumentis,
1356 3521 1453 3586 iuris-

199 3640 392 3720 dictionibus,
407 3638 663 3723 facultatibusque
678 3638 820 3705 omnibus
835 3639 935 3704 fruam
950 3638 1074 3722 potiare,
1090 3639 1200 3721 quibus
1216 3639 1266 3723 qui
1283 3637 1452 3703 maximam

197 3757 382 3840 potestatem
403 3755 575 3821 babuenmt
604 3753 789 3820 exercituum
812 3751 841 3820 S.
857 3755 894 3820 R.
909 3755 943 3820 11.
969 3755 1186 3838 gubernatores
1208 3754 1373 3838 generales,
1395 3749 1453 3832 uli,

197 3872 267 3952 frui,
295 3871 389 3956 potiri
412 3870 496 3936 soliti
525 3872 597 3936 sunl
619 3871 673 3936 661
694 3869 759 3935 iure
781 3869 848 3954 ipso
877 3871 1048 3953 potuemnt.
1094 3866 1276 3935 Mandantes
1308 3867 1451 3935 omnibus

197 3988 230 4056 in
252 3988 395 4054 universo
419 3988 503 4054 61616
527 3984 556 4052 S.
580 3987 616 4052 R.
640 3987 673 4052 11.
696 3987 763 4051 tam
786 3985 938 4068 stipendia
961 3988 1066 4052 nostra
1087 3985 1272 4050 habentibus
1295 3983 1450 4050 militibus

196 4123 289 4190 quam
310 4105 436 4171 illorum
457 4103 599 4188 prefectis
621 4103 652 4168 et
667 4101 843 4186 capitaneis,
867 4102 921 4166 aut
935 4120 1123 4186 quocumque
1146 4101 1206 4166 alio
1222 4099 1448 4167 6661666111-

194 4221 294 4286 tarom
322 4220 419 4284 ullam
447 4218 631 4302 potestatem
660 4217 882 4296 obtinentibus,
915 4219 963 4288 61,
981 4217 1040 4284 1111
1071 4219 1218 4302 tanquam
1250 4213 1448 4300 gubernatori

196 4333 333 4416 generali
359 4333 394 4400 in
422 4332 565 4399 omnibus
593 4335 720 4416 pareant
749 4351 784 4398 ac
813 4333 1032 4415 obtemperent,
1062 4351 1190 4417 eumque
1212 4332 1271 4398 tibi
1300 4331 1447 4398 honorem

195 4446 458 4532 obedientiamque
470 4448 608 4513 delerant
621 4467 697 4532 quae
711 4447 992 4532 praedecessoribus
1007 4449 1069 4514 tuis
1084 4447 1117 4512 in
1128 4447 1185 4512 hoc
1200 4447 1327 4530 imperio
1338 4446 1448 4513 deleni
