3192 4930
753 217 974 281 -.56ss

238 409 509 492 necessitatemque
532 411 732 492 cognosceret,
763 411 830 475 tum
853 413 888 476 ut
909 413 998 478 nobis
1021 431 1137 497 quoquo
1159 415 1199 480 all
1221 417 1433 486 metationem
1453 422 1480 486 ct

238 525 456 591 confectionem
484 525 568 607 pacis
599 525 779 590 universalis
809 527 892 591 omni
923 547 977 593 sua
1007 547 1061 611 ope
1085 532 1115 594 et
1138 533 1318 601 anctoritate
1347 537 1480 601 assistere

237 643 391 706 niteretur.
430 639 501 706 Non
524 643 571 704 est
593 640 656 704 iarn
671 643 792 723 tempus
815 642 947 725 amplius
970 645 1226 727 procrastinandi;
1250 648 1290 715 ad
1313 671 1480 734 supremum

237 759 416 842 perventum
439 759 502 832 cst3
525 759 579 820 aut
594 756 676 822 enim
691 757 797 822 Tuccia
814 759 938 841 sanguis
958 758 1084 838 dandus,
1108 763 1161 826 aut
1176 762 1251 829 hacc
1274 745 1396 830 bracata
1410 767 1481 830 inter

237 873 420 938 christianos
436 891 521 937 arma
537 871 689 956 ponenda:
712 872 745 936 in
768 873 877 955 quibus
897 874 950 956 qni
971 874 1103 940 nimium
1119 877 1272 946 obstinate
1296 881 1403 946 colunt
1416 901 1479 964 per·

238 1007 381 1066 severare,
412 1007 520 1070 parurn
548 987 721 1070 intelligere
750 987 891 1054 vitantur
913 988 987 1071 quid
1009 991 1063 1054 aut
1092 992 1278 1060 christianae
1308 994 1482 1079 reipublicae

238 1104 312 1170 utile
336 1104 385 1182 sit,
415 1105 468 1167 eut
490 1103 567 1186 ipsis
589 1103 797 1168 honorificum.
843 1101 903 1168 Sed
925 1122 984 1188 quo
1007 1105 1098 1172 istius
1128 1107 1236 1192 inclyti
1265 1109 1397 1176 dominii
1417 1131 1482 1195 pro·

238 1221 306 1303 pius
328 1219 464 1302 exposita
487 1219 534 1283 est
549 1218 716 1284 Tuscorum
738 1219 880 1303 periculis
896 1220 1018 1303 imperii
1040 1221 1125 1302 ditio,
1148 1223 1205 1289 hoc
1228 1226 1329 1310 magis
1353 1227 1485 1294 convenit

239 1335 429 1418 nobilitatem
452 1336 538 1399 tnsrn
561 1335 592 1399 et
607 1336 721 1400 ceteros
745 1336 796 1419 qni
815 1335 994 1402 crebritate
1017 1337 1139 1420 publice
1161 1339 1332 1424 funguntur
1354 1342 1483 1408 laborare

238 1455 268 1516 et
291 1470 413 1534 operam
429 1450 501 1515 dare
524 1451 558 1514 nt
572 1449 795 1533 componendae
817 1451 900 1535 pacis
917 1451 1025 1517 modus
1040 1452 1151 1536 aliquis
1175 1455 1350 1538 reperiatur.
1381 1457 1486 1524 Noster

239 1585 377 1632 summus
400 1567 431 1631 et
454 1565 620 1649 singularis
643 1584 729 1631 amor
749 1567 783 1632 in
806 1566 899 1632 istam
922 1567 1072 1632 excelsam
1087 1571 1308 1652 rempublicam
1331 1593 1388 1639 nos
1410 1574 1485 1657 cogit

238 1683 272 1746 nt
294 1680 331 1747 ds
354 1682 439 1748 vobis
462 1700 522 1746 non
553 1681 654 1746 minus
688 1701 763 1765 pene
793 1701 881 1748 curos
910 1701 1002 1766 qnam
1025 1682 1062 1748 de
1085 1685 1172 1750 nobis
1202 1686 1279 1769 ipsis
1302 1689 1335 1752 at
1356 1689 1394 1754 dc
1417 1687 1485 1755 Sede

238 1797 403 1881 apostolica
432 1797 603 1881 capiamus3
641 1799 742 1862 vestra
771 1799 873 1864 autern
905 1798 1001 1864 virtus
1032 1800 1063 1864 et
1092 1799 1253 1882 prurientia
1281 1804 1419 1885 postulat
1447 1807 1484 1868 ut

237 1913 352 1998 agnitis
368 1915 399 1979 et
414 1915 485 1978 anto
500 1913 602 1978 oculos
618 1912 727 1995 positis
750 1932 825 1996 quac
848 1915 879 1978 ct
894 1913 1097 1980 communiter
1118 1915 1340 1983 christianitati
1355 1920 1386 1983 st
1405 1919 1486 1984 nobis

240 2011 358 2112 proprie
380 2028 545 2094 imminent
566 2027 717 2112 periculis,
748 2028 849 2112 agatis
872 2049 942 2094 cum
971 2030 1080 2095 amicis
1102 2032 1134 2096 et
1156 2030 1300 2097 federatis
1325 2033 1434 2098 ummo
1455 2033 1485 2096 nt

242 2144 403 2229 aliquando
426 2143 542 2208 intuitu
557 2143 774 2227 omnipotentis
790 2144 849 2210 Dei
870 2146 902 2210 ct
916 2145 1087 2210 communis
1111 2147 1229 2228 salutis,
1252 2148 1285 2212 in
1308 2167 1368 2232 qua
1391 2167 1486 2214 eornm

241 2278 358 2343 qnoque
381 2260 465 2324 selus
488 2259 667 2338 continetur,
690 2278 782 2324 causa
804 2261 901 2325 velint
929 2259 1086 2326 deflectere
1108 2262 1148 2327 ad
1170 2263 1284 2328 bonum
1307 2263 1485 2330 christianae

242 2375 433 2459 reipublicae,
449 2375 585 2440 conversi
601 2375 640 2439 ad
655 2375 850 2458 aequitatem,
865 2375 1087 2460 inutilibusque
1101 2379 1346 2445 contentionibus
1362 2380 1489 2456 omissis

242 2493 274 2556 st
296 2509 401 2574 pacem
425 2491 563 2556 stabilire
585 2490 668 2556 domi
683 2492 715 2556 st
730 2490 768 2556 ad
783 2491 932 2575 gloriosas
955 2491 1026 2556 illas
1048 2511 1084 2558 ac
1102 2494 1272 2575 praeclaros
1288 2495 1489 2561 contentiones

244 2626 276 2671 sc
298 2607 478 2685 convertere,
502 2606 611 2690 quibus
634 2625 763 2690 regnum
778 2606 842 2671 illis
866 2607 1039 2690 opulentius
1062 2609 1093 2673 et
1109 2609 1205 2674 verior
1226 2609 1294 2673 laus
1317 2613 1425 2693 parata
1439 2613 1489 2676 cst.

244 2720 308 2788 Nec
330 2741 385 2786 nos
408 2721 584 2787 destitimus
607 2724 663 2786 hoc
685 2721 767 2787 idem
791 2721 915 2787 suadere
931 2722 1124 2788 serenissimo
1141 2721 1271 2802 Cassan,
1294 2725 1388 2802 corius,
1410 2727 1446 2790 ut
1460 2742 1490 2790 er

243 2838 355 2904 litteris
378 2857 443 2902 ven.
467 2837 571 2902 fratris
595 2837 715 2904 Nicolai
738 2838 955 2921 archiepiscopi
978 2835 1112 2921 Capuam
1135 2838 1239 2904 nuncii
1260 2840 1359 2904 nostri
1381 2859 1490 2925 cogno-

245 2954 354 3031 vimus,
370 2973 458 3019 mens
474 2955 505 3018 et
520 2955 660 3019 uoluntas
682 2973 736 3038 pro
752 2954 1008 3020 christianissimo
1024 2953 1126 3018 animo
1141 2953 1238 3037 ipsius
1253 2955 1285 3020 ct
1299 2955 1387 3022 uobis
1402 2956 1491 3022 bene·

244 3071 313 3135 vola
328 3069 474 3152 religione
490 3071 521 3134 ot
535 3069 704 3153 prudentia,
727 3070 766 3134 ad
780 3089 886 3153 paoem
901 3070 1048 3135 inclinata
1063 3071 1125 3145 cst;
1140 3071 1171 3134 ct
1187 3069 1266 3153 apud
1281 3071 1492 3136 chaussimuur

243 3185 283 3251 lil.
308 3203 410 3270 regem
425 3185 557 3269 Anglias
580 3185 759 3264 institimus,
783 3205 910 3269 qnorum
925 3185 1106 3264 voluntates,
1129 3184 1193 3250 Deo
1216 3204 1292 3268 quaa
1315 3187 1397 3250 recta
1419 3189 1490 3250 sunt

244 3302 421 3386 inspirante,
437 3320 497 3367 non
512 3301 681 3367 diffidimus
705 3302 819 3366 sanctis
835 3303 866 3366 ct
889 3301 1073 3366 salutaribus
1092 3299 1228 3365 consiliis
1251 3299 1314 3366 fors
1337 3301 1489 3385 propitias.

246 3417 365 3483 Interea
388 3419 422 3482 ut
437 3417 583 3483 nobilitas
606 3419 659 3483 tna
681 3436 735 3501 pro
759 3435 813 3482 sus
831 3419 916 3501 parte
939 3417 970 3481 et
983 3415 1075 3480 istius
1097 3415 1206 3500 inclyti
1229 3414 1358 3480 dominii
1372 3417 1493 3480 nomine

245 3533 348 3597 omnia
364 3535 444 3616 agat
468 3534 498 3598 et
517 3533 629 3598 efficiet
652 3553 728 3617 quae
751 3533 789 3597 ad
805 3532 1054 3615 compositionem
1070 3531 1240 3596 communis
1256 3531 1339 3614 pacis
1356 3549 1491 3596 accomo-

246 3648 318 3713 ‹lata
334 3651 413 3727 sunt
438 3668 497 3714 non
522 3651 620 3714 solum
635 3649 792 3715 lrortamur
816 3648 868 3714 sed
891 3649 985 3713 stiam
1008 3647 1040 3712 in
1055 3647 1113 3713 Dei
1135 3647 1353 3730 omnipotentis
1376 3647 1495 3713 nominc

246 3764 435 3850 iniungimus
459 3767 489 3830 ot
512 3785 685 3839 monacnum
710 3765 800 3830 sicuti
815 3765 909 3830 letius·
925 3783 995 3828 curn
1016 3762 1177 3828 nobilitate
1200 3763 1253 3826 tua
1268 3761 1399 3828 dilectus
1413 3761 1494 3827 lilius

247 3880 302 3946 Tb.
325 3881 438 3946 electus
461 3881 627 3947 Feltrcnsis
651 3879 779 3946 nuncius
809 3882 911 3945 noster¹
934 3879 971 3944 de
993 3879 1043 3943 his
1066 3877 1208 3943 omnibus
1231 3880 1313 3966 eget
1334 3877 1383 3942 cui
1405 3875 1494 3941 tidem

247 3996 381 4062 babebit.
427 3997 542 4062 Datum
566 3999 680 4064 Romae
696 3999 751 4062 etc.
776 3997 824 4062 dis
850 4015 875 4060 v.
898 3993 1039 4061 tannarii
1061 3992 1180 4058 mdxxr.
1217 3993 1306 4058 Anno
1327 3991 1494 4058 secundo.¹l

341 4264 358 4326 ¹)
377 4267 530 4316 &coracina
549 4267 618 4316 bolus
637 4269 769 4328 praeclarae
787 4263 901 4326 cplctolae
920 4265 991 4312 rerba
1008 4264 1032 4310 ln
1049 4261 1134 4310 malam
1152 4264 1243 4322 partem
1256 4273 1330 4320 verra,
1348 4262 1375 4310 et
1386 4261 1493 4322 optinum

247 4365 364 4425 pontificia
394 4367 538 4416 voluntatem
568 4367 723 4414 calumniatus
749 4367 787 4414 cst
809 4373 929 4412 conserens
957 4363 1037 4408 orator
1069 4361 1132 4420 apud
1160 4359 1324 4420 rempublicam
1351 4357 1494 4408 Venetorum.
