3132 4910
786 327 1031 394 ..334-

280 519 389 586 diffuse
402 541 421 584 s
436 520 525 588 nobis
541 520 607 600 init,
631 539 691 587 uon
713 521 762 586 est
783 539 863 586 nune
878 521 958 604 qnod
972 521 1112 604 pluribus
1127 539 1256 606 sgnrnus
1279 519 1406 604 nisique
1419 528 1497 584 neno

279 655 398 720 semper
412 635 527 702 fuimus
542 637 581 702 od
596 637 778 720 reipubliose
801 637 959 702 commotu
974 637 1240 721 tranquillinum
1262 637 1399 720 quietern,
1412 633 1495 700 odem

279 769 335 818 nos
357 754 389 818 et
410 753 443 816 in
464 755 619 836 posterum
642 751 761 818 futurus
783 755 815 817 et
836 771 871 818 eo
893 753 988 818 etium
1018 753 1229 836 propensiores
1252 769 1310 835 qno
1341 750 1430 834 magis
1447 751 1495 812 tsn

279 867 393 950 opertis
416 867 568 935 cernimus
583 868 774 952 ergormentis
795 867 1004 952 potentissimi
1017 868 1051 934 in
1066 885 1121 934 nos
1136 867 1196 935 Dei
1217 867 1441 952 benignitatem:
1459 863 1496 945 qni

279 985 347 1048 tum
369 982 502 1048 maxime
523 983 612 1048 nobis
635 983 722 1048 affuit
745 1001 839 1067 quum
869 985 1002 1050 extremo
1025 983 1157 1066 perieulo
1179 983 1317 1050 laborare
1339 1001 1383 1048 res
1403 980 1496 1045 nostrus

278 1097 484 1174 erederentnr;
513 1103 548 1164 ut
570 1098 702 1181 profesto
732 1098 939 1182 impudentiae
969 1099 1018 1176 sit
1049 1099 1077 1164 si
1099 1098 1282 1182 nequidem
1311 1099 1394 1163 uns
1417 1097 1496 1178 optem

278 1215 345 1280 nusi
367 1213 541 1280 fuissemus.
587 1211 736 1280 Concessa
757 1233 830 1298 ergo
852 1213 956 1280 diuino
978 1215 1045 1296 ipso
1068 1214 1192 1280 numine
1214 1215 1280 1279 tum
1302 1211 1413 1296 insigni
1432 1207 1496 1274 uobis

277 1329 315 1394 te
337 1330 426 1398 busto
447 1329 581 1407 uiotorin,
603 1331 670 1396 tum
691 1331 797 1414 optutu
818 1349 926 1395 osv.
949 1349 1008 1413 per
1029 1329 1063 1396 in
1084 1330 1192 1396 limine
1213 1348 1280 1394 esse
1304 1329 1366 1394 inm
1386 1326 1495 1406 dieipo·

278 1447 355 1519 test;
377 1463 469 1528 quem
486 1446 572 1511 tento
595 1445 696 1510 studio
719 1445 960 1528 amplexabimur
982 1446 1096 1528 quanto
1111 1446 1288 1512 eoum
1310 1444 1417 1510 inimus
1435 1441 1496 1506 ineo

277 1560 356 1626 bello
378 1560 411 1625 in
434 1579 492 1644 qno
517 1578 635 1644 semper
664 1560 907 1626 existimavimus
938 1560 966 1626 si
987 1578 1048 1626 non
1071 1560 1187 1626 uiribus
1216 1579 1308 1626 oense
1340 1560 1439 1626 saltem
1456 1571 1497 1618 ne

276 1677 374 1742 multo
397 1676 566 1758 superiores
589 1694 663 1754 esse,
694 1693 788 1759 eoque
809 1676 905 1741 etum
929 1675 1044 1741 uiribus
1068 1674 1096 1741 si
1118 1675 1173 1740 ille
1195 1652 1284 1742 nobis
1314 1675 1438 1740 humone
1455 1689 1496 1734 eu-

275 1791 349 1858 nilie
374 1791 541 1869 affuissent,
564 1809 641 1874 quse
655 1791 744 1857 nobis
767 1790 877 1870 debita,
901 1792 1012 1875 etque
1035 1791 1097 1857 feto
1114 1789 1267 1858 neseimus
1291 1791 1439 1874 deneguto,
1458 1801 1498 1848 8¹¹2

276 1907 341 1990 ipse
364 1907 447 1974 Deus
471 1925 565 1974 mauu
587 1907 618 1970 et
640 1906 830 1990 benignitute
855 1907 1015 1991 supplevit.
1060 1907 1157 1974 Amor
1180 1925 1202 1972 s.
1220 1927 1246 1972 v.
1269 1925 1344 1991 erga
1366 1901 1497 1972 nosnullo

276 2041 336 2088 nou
360 2025 494 2104 tempore
518 2021 605 2088 nobis
627 2021 867 2088 iucundissimus
890 2021 1009 2098 assidit„
1039 2040 1100 2088 non
1123 2022 1293 2119 minorique
1316 2025 1348 2087 et
1376 2039 1425 2087 nos
1444 2033 1498 2097 srgr

275 2156 343 2203 eem
367 2134 480 2220 pietute
503 2137 534 2203 et
556 2138 749 2204 obseruantia
773 2156 892 2221 semper
914 2157 981 2204 esse
1004 2140 1173 2222 cognosset.
1205 2136 1249 2203 Ut
1271 2137 1366 2203 letius
1379 2129 1498 2202 sumtu

275 2253 324 2318 bis
347 2252 489 2317 omnibus
519 2252 704 2336 caeterisque
733 2252 906 2320 edoeebitur
929 2271 951 2318 s.
974 2273 1001 2318 u.
1025 2271 1060 2318 ex
1082 2253 1196 2318 nostris
1225 2252 1320 2318 istbio
1350 2248 1499 2318 emtoribus.

276 2367 422 2451 Cepimus
445 2370 548 2434 eutem
571 2371 606 2434 ut
628 2385 720 2451 quum
743 2368 939 2434 feelieissime
957 2369 1065 2456 valeat
1096 2368 1212 2433 Dstum
1234 2366 1268 2431 in
1290 2367 1397 2450 oppido
1417 2363 1500 2429 noste

276 2483 417 2548 Maioreti
440 2483 488 2548 die
512 2482 660 2566 vigesima
683 2485 767 2548 sextu
790 2482 903 2549 Martii.
942 2483 1030 2550 Anno
1053 2482 1171 2549 domini
1192 2482 1312 2547 mdnxv.
1352 2483 1499 2564 Regnorum

276 2599 449 2665 nostrornm
471 2598 603 2665 Romani
627 2599 709 2664 serto
732 2600 763 2665 st
785 2598 915 2665 eliorum
941 2599 1079 2665 omnium
1102 2597 1227 2665 decimo.

365 2827 489 2895 Carolus
509 2829 613 2895 divine
641 2829 761 2896 favente
790 2829 951 2897 elementia
981 2831 1094 2896 eleetus
1117 2830 1324 2895 Romanorum
1354 2825 1501 2910 imper-utor.

276 2964 395 3029 semper
417 2945 584 3030 Augustus,
608 2944 797 3024 Germaniae,
821 2945 1048 3028 Hispaniarum,
1077 2943 1235 3028 utriusque
1258 2941 1387 3020 Sioiiiuu
1409 2937 1501 3004 Hieru-

276 3060 372 3127 selem
395 3061 451 3126 eto.
474 3079 525 3126 rex
548 3063 579 3126 et
601 3062 741 3127 coeteror.

943 3171 1068 3241 Carolus
1093 3174 1148 3262 (m.
1163 3174 1205 3260 p.)

1238 3290 1295 3356 Pb.
1319 3287 1427 3356 Niooiu

865 3553 939 3624 252.

568 3722 676 3782 Mers.
699 3737 722 3783 a
745 3720 946 3782 Gatttnarta
968 3719 1140 3780 Clementi
1163 3720 1236 3780 vn.

724 3831 811 3918 (litt.
826 3829 921 3914 prino.
937 3829 993 3896 ΙΙΙ.
1011 3829 1076 3915 76).

742 3947 807 4032 (29.
824 3945 930 4011 Martii
947 3943 1057 4030 1525).

363 4110 406 4174 Etr
429 4108 542 4175 litteris
565 4107 678 4174 nobilis
693 4104 795 4173 Geruli
817 4105 927 4172 Geniui
949 4105 1057 4173 domus
1080 4124 1147 4172 mee
1164 4104 1298 4189 preteeti,
1323 4101 1410 4171 didici
1425 4111 1501 4182 quem

275 4225 450 4290 humaniter
473 4242 508 4290 eo
530 4223 714 4307 perbenigne
730 4221 812 4307 (meo
826 4219 954 4306 inbuite)
971 4238 990 4285 e
1005 4240 1032 4287 r.
1048 4239 1072 4286 s.
1088 4220 1121 4286 iu
1143 4219 1208 4286 dies
1226 4220 1329 4304 magis
1343 4213 1503 4297 sumipntu

274 4355 310 4402 ue
331 4339 540 4420 pertrectetur,
562 4339 760 4421 quamtumve
774 4337 869 4402 libere
891 4355 926 4402 uo
948 4335 1132 4403 oonfidenter
1153 4339 1221 4402 tum
1244 4335 1282 4402 de
1297 4332 1426 4420 publicis
1445 4331 1504 4390 tum

274 4449 311 4516 de
333 4450 461 4531 privetis
484 4452 561 4518 meis
584 4451 718 4538 negotiis
734 4471 836 4518 seeum
858 4452 940 4536 egat
962 4452 1000 4517 de
1022 4450 1084 4516 biis
1107 4449 1339 4535 potissimeque
1361 4447 1396 4514 sd
1416 4444 1503 4508 unoe-
