3128 4908
770 269 1013 336 -236-

265 462 360 548 igitur
375 482 479 530 eorum
494 463 639 550 potentia,
663 467 694 531 et
709 465 864 532 voluntate
880 463 1070 550 opprimendi
1088 465 1192 531 eedem
1216 467 1419 549 permanente,
1440 463 1500 548 quid

264 603 330 648 esse
352 579 503 665 potuisset
532 581 635 647 tutum
657 583 706 647 rel
728 581 816 648 nobis
839 582 887 648 vel
909 583 996 650 robis
1019 583 1068 648 vel
1090 582 1232 648 omuibus
1255 581 1435 667 qui'iugnm
1456 601 1500 646 ro

263 700 415 765 luntariae
439 698 594 764 servitutis
618 699 751 782 accipere
766 699 958 764 noluissent?
995 697 1066 763 Fuit
1090 697 1185 782 igitur
1199 697 1287 763 nobis
1310 697 1501 764 necessarium

264 835 417 882 occurrere
439 814 576 893 iniuriae,
598 814 745 880 obsistere
760 813 939 880 insolentiae
962 816 993 880 et
1015 814 1144 880 nimiam
1160 813 1337 898 cupiditatis
1359 814 1500 880 licentiam

264 933 434 1009 cohercere3
466 929 606 1016 quamvis
632 949 717 1014 spem
750 930 872 1014 quidem
903 929 1098 1013 potissimum
1128 930 1302 1013 reponimus
1332 931 1364 998 iu
1397 947 1501 995 summo

265 1049 328 1114 Dco
351 1046 480 1132 quodie
510 1047 625 1112 iustam
654 1065 778 1112 causam
808 1045 973 1124 adiuvabit,
1004 1065 1058 1113 nec
1088 1045 1168 1111 sinet
1191 1065 1246 1111 nos
1276 1047 1500 1132 propugnatores

263 1163 379 1248 patriae
403 1165 524 1230 nostrae
547 1164 578 1228 et
592 1162 756 1246 aequitatis
779 1162 950 1228 defensores
973 1161 1006 1228 in
1029 1164 1093 1228 tam
1113 1161 1162 1244 pio
1185 1162 1294 1229 conatu
1310 1161 1499 1228 succumbere.

263 1279 380 1347 Deinde
403 1298 472 1346 vero
495 1280 596 1344 vestra
619 1279 729 1344 eximia
748 1279 845 1344 virtus
868 1280 899 1344 et
921 1279 1037 1362 optima
1060 1279 1203 1345 voluutas
1225 1297 1338 1363 magno
1361 1279 1446 1345 nobis
1462 1288 1500 1342 est

264 1396 380 1462 solatio.
427 1393 518 1478 Spem
547 1395 630 1460 enim
660 1397 774 1460 certam
804 1393 961 1474 babemus,
992 1393 1076 1460 vobis
1099 1397 1201 1460 vestra
1223 1413 1308 1460 arma
1338 1393 1500 1460 fortissimis

263 1513 422 1578 nobiscum
445 1510 749 1588 communicantibus,
771 1513 911 1594 paratam
933 1509 996 1575 fore
1019 1510 1177 1576 victoriam
1200 1511 1246 1574 illi
1269 1511 1350 1594 parti
1380 1529 1431 1595 pro
1452 1529 1499 1592 qua

263 1627 311 1692 ius
334 1628 365 1693 et
387 1627 524 1712 aequitas
546 1628 578 1692 et
601 1625 791 1693 Helveticum
815 1644 925 1693 nomeu
949 1627 1016 1691 stet.
1063 1623 1163 1709 Igitur
1186 1625 1271 1692 sedes
1295 1625 1500 1711 apostolicali

265 1743 328 1809 siris
352 1743 558 1809 occasionibus
583 1741 621 1807 ad
644 1740 765 1808 eosdem
789 1743 945 1809 Helvetios
974 1761 1130 1808 recursum
1153 1741 1253 1821 habet,
1286 1744 1339 1827 qui
1361 1762 1395 1809 er
1417 1743 1500 1825 ipsius

265 1858 393 1925 Sanctae
423 1857 510 1925 Sedis
539 1858 713 1924 defensione
743 1857 952 1925 clarissimum
982 1877 1149 1942 cognomen
1179 1858 1240 1924 sibi
1261 1861 1294 1924 et
1315 1857 1418 1924 liberis
1447 1856 1500 1922 suis

264 1977 451 2058 pepererunt,
473 1994 601 2060 quorum
625 1974 768 2042 societate
791 1975 822 2041 et
845 1973 940 2040 armis
963 1993 1082 2058 semper
1104 1973 1222 2040 vincere
1246 1973 1338 2040 solite
1360 1977 1413 2040 est
1449 1973 1500 2036 Vos

267 2109 336 2156 vero
358 2093 394 2157 ut
408 2090 559 2174 prioribus
574 2090 686 2157 restris
709 2089 799 2156 iactis
815 2089 947 2176 egregiis
970 2093 1001 2156 et
1015 2089 1242 2175 praestantibus
1258 2075 1414 2158 cumulum
1433 2091 1500 2155 hunc

263 2225 380 2291 quoque
395 2205 515 2272 addatis
524 2209 716 2292 vestramque
731 2186 909 2292 perpetuam
923 2205 1045 2272 laudem
1055 2207 1348 2274 etconsuetudinem
1364 2203 1500 2274 intuenda

262 2321 404 2388 libertate
420 2322 625 2390 ecclesiastica
647 2323 840 2403 conservetis,
863 2325 911 2388 est
926 2325 1044 2390 vestm
1066 2320 1244 2406 prudentiae
1267 2325 1299 2390 et
1314 2323 1434 2408 ¹virtutis
1455 2341 1499 2386 cu·
1553 2331 1554 2410 l

264 2457 329 2503 rare
353 2439 443 2522 atque
471 2439 597 2505 efficere.
644 2439 690 2505 De
713 2439 762 2504 his
792 2440 883 2505 rebus
906 2439 1048 2505 omnibus
1079 2438 1293 2505 mandavimus
1324 2439 1436 2506 bomini
1457 2437 1500 2520 qui

264 2553 382 2620 based
405 2573 457 2620 vos
481 2555 600 2620 litteras
623 2555 729 2621 attulit
751 2557 787 2621 ut
810 2555 923 2621 nostris
947 2553 1046 2620 verbis
1070 2556 1143 2640 aget
1166 2555 1288 2621 liberius
1312 2557 1344 2621 et
1366 2554 1499 2640 copiosius

264 2669 428 2746 vobiscum,
458 2670 506 2736 cui
536 2671 628 2737 fidem
653 2691 705 2736 vos
728 2671 840 2737 habere
872 2672 1020 2736 volumus.
1066 2669 1147 2736 Illud
1177 2671 1271 2737 etiam
1302 2673 1393 2756 atque
1419 2669 1499 2736 ctiam

264 2785 437 2868 repetimus,
462 2785 488 2850 si
511 2785 567 2852 boc
599 2787 734 2870 tempore
759 2787 864 2870 quales
888 2805 1007 2870 semper
1035 2785 1182 2852 extitistis
1212 2787 1291 2853 tales
1323 2807 1375 2854 ros
1397 2787 1427 2854 iu
1453 2785 1499 2850 be·

264 2901 344 2966 sedis
367 2901 549 2984 apostolicae
571 2903 706 2985 tempore
730 2903 769 2967 ad
791 2902 876 2968 illius
900 2901 1083 2986 dignitatem
1113 2903 1379 2970 etauctoritatem
1407 2901 1498 2968 deien-

262 3016 393 3082 dendam
416 3017 628 3098 exhibueritis,
659 3037 808 3102 maguam
832 3037 884 3084 vos
907 3038 968 3084 non
998 3018 1185 3101 voluptatem
1216 3018 1315 3086 solum
1340 3019 1391 3085 sed
1418 3017 1498 3084 otiam

263 3133 430 3199 utilitatem
446 3134 530 3201 omni
552 3135 671 3218 postero
687 3135 822 3218 tempore
845 3153 912 3200 esse
928 3135 1078 3218 capturos.
1123 3134 1239 3200 Datum
1262 3135 1377 3202 Romae
1394 3135 1444 3200 cic.
1458 3131 1498 3194 dic
1551 3191 1552 3225 ,

264 3269 307 3314 ix.
331 3249 408 3315 iulii
432 3249 562 3316 mdrrvi.
608 3249 697 3316 Auno
721 3250 820 3316 tertio.

851 3513 927 3576 'lea
1550 3559 1551 3633 i

278 3677 433 3748 Regibus
457 3676 653 3751 Catholico,
676 3676 991 3752 christianissime,
1015 3679 1173 3753 Angiiae,
1196 3678 1433 3750 portugalliae
1452 3677 1481 3729 et

590 3793 794 3867 Archiduci,
820 3795 967 3852 mutatis
991 3794 1185 3854 mutandis

351 3944 522 4011 Carissime.
578 3945 734 4012 Mittimus
765 3945 803 4011 ad
834 3953 938 4011 ser.talu
961 3947 1049 4012 tuam
1077 3964 1155 4014 nova
1177 3949 1208 4012 et
1231 3947 1351 4013 litteras
1380 3965 1448 4031 quas
1467 3961 1495 4008 ei
1549 3965 1550 4041 p

262 4060 399 4145 ngaria
421 4061 600 4144 accepimus,
624 4061 744 4128 utinam
766 4080 826 4127 non
850 4065 1019 4128 extremum
1041 4063 1128 4147 regni
1150 4064 1181 4129 et
1203 4063 1337 4128 nationis
1363 4061 1441 4128 illius
1455 4057 1493 4123 di·

262 4175 393 4241 scrimen
416 4176 602 4243 nunciantes.
647 4175 765 4242 insidet
787 4176 870 4242 cuim
892 4175 956 4242 iarn
977 4177 1011 4243 in
1033 4177 1132 4244 medio
1155 4197 1246 4262 prope
1270 4196 1363 4262 regno
1385 4177 1435 4242 illo
1456 4191 1495 4238 rei

264 4289 430 4354 'turcarum
451 4308 522 4355 cum
551 4291 682 4356 exercitu
705 4290 846 4370 maximo,
876 4293 1022 4376 tantaque
1045 4311 1078 4358 se
1099 4293 1131 4360 ri
1152 4292 1253 4372 infert
1283 4296 1319 4358 ut
1341 4293 1427 4359 illum
1447 4305 1495 4356 non

264 4401 395 4483 oppositi
408 4401 570 4469 fluminum
585 4405 732 4488 gurgites,
747 4424 807 4471 non
823 4407 995 4474 nostrorum
1010 4407 1111 4489 timor,
1133 4427 1194 4475 non
1208 4409 1344 4476 iocorum
1358 4401 1492 4494 ignoratio
1548 4373 1549 4449 i
