3192 4930
770 309 992 378 -7o*-

256 491 492 575 christianitatis
515 528 592 593 quae
615 508 653 574 ab
675 509 806 574 immani
828 509 925 574 111111
947 509 1091 576 imminet
1112 511 1214 593 potest
1235 527 1302 575 esse
1324 509 1500 576 consultum.

256 623 362 709 Neque
383 623 450 691 ideo
473 623 675 690 mutationem
705 624 801 689 ullam
825 624 857 689 in
880 624 968 692 nobis
990 643 1059 691 esse
1081 625 1249 692 sententiae
1272 644 1307 690 ao
1329 625 1499 701 voluntatis,
1584 632 1590 681 Ι

256 740 376 825 quando
399 739 438 806 ad
452 739 582 806 eundem
596 739 688 806 finem
711 740 909 824 respiciamus
924 759 1005 806 nune
1026 739 1066 805 ad
1088 759 1177 824 quem
1193 759 1264 807 oum
1285 740 1320 807 in
1338 741 1499 806 minoribus

256 875 392 922 essemus
415 856 510 921 etiam
532 855 734 940 respeximusp
750 874 820 921 oum
843 856 926 922 euim
948 855 1028 923 nihil
1043 857 1248 941 speoteremus
1270 859 1345 922 tuno
1366 857 1429 923 nisi
1451 875 1499 941 pa·

255 992 321 1038 eam
336 973 368 1037 et
382 971 637 1056 tranquillitatem
653 970 771 1051 Italiae,
786 989 879 1055 quam
894 971 1042 1038 adventus
1066 969 1225 1038 Gallorum
1239 973 1419 1038 turbaturus
1433 974 1499 1048 erat

256 1086 454 1172 speravimus,
477 1088 582 1153 roeato
604 1087 638 1153 in
659 1087 761 1171 partes
776 1085 910 1154 Adriano
939 1086 1081 1170 pontifioe
1103 1089 1135 1154 et
1156 1088 1221 1154 tota
1245 1087 1337 1153 Itaha
1363 1087 1501 1160 foderata,

256 1201 363 1269 Gallos
385 1221 447 1269 non
470 1204 569 1269 solum
584 1202 717 1268 transitu
733 1201 785 1268 sed
808 1203 964 1269 voluntate
986 1203 1081 1268 etiam
1096 1204 1126 1268 et
1143 1223 1196 1288 spe
1218 1201 1397 1270 transeundi
1412 1203 1501 1269 auerti

256 1337 353 1405 posse,
376 1339 446 1386 oum
462 1320 548 1386 tanta
562 1317 627 1384 illis
642 1318 883 1384 adversamomm
898 1319 1069 1385 coniunctio
1090 1319 1122 1385 et
1143 1321 1264 1386 1111111
1279 1337 1391 1386 nomen
1413 1338 1500 1405 oppo-
1591 1281 1594 1376 l

256 1436 392 1512 neretum
422 1454 481 1520 qua
511 1453 564 1519 spe
593 1435 790 1519 posteaquam
820 1433 960 1500 frustrati
989 1434 1118 1515 fuimus,
1147 1434 1414 1520 intelleximnsque
1441 1435 1501 1518 ipso

256 1551 460 1635 experimento
483 1550 596 1617 totiens
618 1550 724 1629 edoeti,
753 1549 812 1615 hao
840 1549 890 1615 via
916 1567 978 1616 non
1006 1569 1112 1635 paoem
1141 1549 1287 1618 1111111111
1317 1550 1371 1617 sed
1392 1551 1501 1616 bellum
1593 1629 1594 1642 χ

255 1651 420 1752 prorogari,
443 1665 482 1731 11
504 1667 567 1732 alia
581 1665 708 1732 oonsilia
723 1665 909 1745 defleximus,
933 1667 1104 1750 spectantes
1119 1666 1248 1733 eundem
1263 1666 1387 1751 quidem
1406 1666 1500 1744 tinem,

255 1764 361 1867 paoem
383 1781 533 1862 videlieet,
563 1782 616 1848 sed
638 1781 850 1848 existimantes
879 1781 990 1848 melius
1019 1799 1088 1848 eam
1109 1783 1211 1867 poetis·
1230 1784 1262 1850 et
1284 1781 1501 1850 conditionibus

255 1915 348 1982 quam
371 1897 466 1964 armis
488 1896 592 1982 quaeri
614 1917 718 1982 posse:
748 1897 827 1983 quod
851 1898 990 1965 nostmm
1012 1897 1174 1965 eonsilium
1197 1917 1264 1966 esse
1287 1897 1453 1965 salutarius
1474 1898 1500 1962 et

254 1999 356 2100 magis
378 2013 572 2082 eommodum
600 2033 649 2082 res
671 2015 739 2100 ipsa
761 2014 864 2081 doeuit
885 2013 948 2080 iam
977 2015 1056 2081 bona
1078 2034 1113 2080 ex
1136 2015 1222 2100 parte
1244 2015 1276 2081 11
1296 2013 1423 2081 ‹lootura
1451 2015 1500 2080 est

254 2130 393 2196 Tertium
414 2131 518 2196 autem
541 2129 580 2196 ad
602 2132 701 2215 eaput,
731 2119 764 2196 11
787 2149 845 2215 quo
875 2131 1091 2214 promissiones
1121 2129 1209 2197 nobis
1233 2131 1264 2196 et
1292 2130 1410 2215 premia
1433 2129 1498 2195 1111-

255 2229 371 2326 nmtur,
401 2245 523 2330 agimus
552 2245 677 2330 quidem
706 2245 863 2313 serenitati
892 2247 962 2313 tuae
991 2247 1110 2312 debitas
1139 2246 1257 2331 gratias
1287 2245 1368 2330 quod
1390 2265 1501 2330 semper

255 2361 394 2427 animum
410 2360 605 2428 verissimum
628 2361 721 2428 amioi
736 2362 824 2429 nobis
847 2361 1028 2442 exhibueris,
1052 2361 1106 2428 sed
1120 2381 1216 2446 noque
1231 2363 1348 2446 premia
1371 2362 1437 2428 nlla
1452 2380 1500 2426 nos

256 2478 387 2557 movent,
411 2480 442 2544 et
463 2497 561 2544 unum
583 2478 660 2544 illud
682 2479 854 2544 marimum
874 2479 1025 2562 premium
1048 2477 1184 2544 habituri
1200 2497 1306 2543 sumus
1330 2478 1358 2542 si
1380 2475 1500 2561 quidet

255 2581 440 2659 christianae
462 2593 646 2677 reipublicae
661 2593 854 2660 commodum
877 2595 909 2659 et
931 2595 1062 2660 salutem
1081 2593 1248 2679 poterimus
1271 2593 1399 2671 efficere,
1423 2593 1500 2658 onius

253 2710 298 2777 rei
320 2727 390 2794 spes
412 2711 517 2776 nostra
539 2710 605 2775 tote
626 2711 660 2775 11
683 2711 861 2776 1111111111
884 2711 997 2776 virtute
1019 2711 1132 2794 pietate
1148 2708 1386 2792 annonaeque
1408 2707 1500 2792 posita

254 2827 311 2892 est.
341 2824 441 2909 Atque
463 2826 522 2892 hoo
544 2825 667 2910 signum
691 2827 827 2910 integrae
850 2827 964 2892 mentis
987 2827 1107 2892 nostrae
1137 2825 1210 2891 dara
1232 2825 1374 2890 omnibus
1395 2841 1497 2908 possu-

253 2959 333 3019 mus,
356 2939 436 3024 quod
458 2959 530 3006 oum
552 2942 591 3006 ab
613 2943 743 3026 utraque
764 2943 850 3026 parte
873 2941 976 3024 ampla
999 2943 1030 3006 et
1044 2959 1158 3025 magna
1180 2939 1268 3006 nobis
1291 2939 1408 3022 premia
1431 2937 1496 3004 1111·

253 3056 367 3134 rantur,
390 3056 538 3140 longeque
560 3057 707 3141 amphora
723 3075 815 3141 quam
837 3057 951 3142 gratim
967 3059 1089 3123 nostrae
1103 3056 1240 3122 familiae
1260 3055 1346 3134 ierat,
1369 3073 1431 3121 non
1450 3053 1497 3118 illa

252 3174 357 3238 111111
386 3172 482 3237 ullam
512 3173 545 3238 in
575 3174 694 3256 partem
723 3191 779 3238 nos
810 3175 945 3239 movent:
976 3172 1028 3239 sed
1051 3173 1084 3238 in
1113 3191 1147 3238 eo
1170 3191 1229 3237 uno
1259 3169 1441 3250 insistimus,
1468 3169 1497 3232 11

253 3277 353 3354 Deum
376 3289 448 3353 ante
469 3288 571 3354 oeulos
594 3291 626 3355 et
654 3287 810 3372 pubhoum
840 3289 954 3354 bonnm
982 3288 1158 3366 habeamus,
1188 3287 1288 3372 sitque
1310 3285 1388 3352 illud
1416 3283 1495 3350 nohis

252 3403 397 3487 privatim
419 3405 571 3488 premium
595 3405 675 3489 quod
697 3405 890 3471 commodum
913 3407 961 3471 111
982 3407 1013 3471 11
1035 3405 1111 3471 utile
1133 3403 1267 3488 publice:
1297 3401 1451 3487 patrisque
1470 3401 1496 3462 et

252 3519 385 3603 pastoris
415 3520 504 3604 aequi
532 3539 693 3604 personam
725 3523 893 3587 teneamus:
923 3520 956 3586 11
985 3539 1044 3605 qua
1072 3519 1205 3605 gerenda
1233 3521 1265 3584 et
1293 3517 1374 3584 inter
1402 3515 1495 3582 tantos

252 3633 363 3700 fluetus
379 3635 558 3702 sustinenda
581 3657 641 3702 uon
657 3637 802 3704 debemus
825 3636 961 3704 diffidere
976 3637 1074 3702 Deum
1094 3634 1333 3719 omnipotentem
1349 3633 1493 3700 oonsoium

253 3750 314 3816 sibi
335 3749 432 3818 dediti
454 3751 550 3818 animi
579 3754 677 3820 nostri
699 3756 821 3838 portum
845 3754 954 3820 salutis
984 3756 1075 3839 atque
1104 3751 1187 3836 paois
1210 3751 1298 3817 nobis
1328 3749 1494 3834 quandoque

251 3868 454 3933 ostensumm
483 3867 583 3953 Atque
606 3869 680 3936 haee
702 3871 850 3954 quantum
874 3869 912 3934 ad
927 3869 1080 3954 publioam
1104 3867 1257 3952 pontificis
1278 3866 1411 3950 pertinet
1431 3881 1492 3948 per-

252 4000 374 4058 sonam3
397 3982 544 4066 priuatim
566 4003 636 4051 vero
656 3984 737 4070 quod
752 3985 832 4052 inter
854 4003 909 4051 nos
933 4003 1072 4051 summus
1095 4002 1180 4050 amor
1202 3983 1233 4048 et
1248 3983 1393 4066 perpetua
1414 3997 1492 4046 meu·

251 4098 332 4165 tium
360 4098 592 4185 animommque
621 4101 792 4169 ooniunotio
821 4102 910 4168 nohis
940 4100 1062 4180 suadet,
1094 4098 1251 4166 serenitati
1279 4099 1350 4164 tuae
1379 4098 1410 4162 et
1437 4093 1492 4159 tuis

252 4231 373 4280 omnem
405 4215 647 4283 benevolentiam
681 4218 816 4284 studium
852 4217 1075 4302 benignitatem
1105 4213 1380 4296 liberalitatemque
1410 4210 1493 4276 huius

251 4327 322 4394 85⁸⁰
345 4327 433 4395 Sedis
455 4331 487 4396 et
508 4333 645 4398 nostram
668 4335 700 4398 et
714 4331 868 4400 offerimus
884 4331 1089 4398 libentissimo
1112 4329 1215 4396 animo
1238 4330 1270 4394 et
1283 4326 1423 4393 exhihere
1439 4341 1492 4389 non

252 4445 342 4511 modo
365 4445 465 4530 parati
488 4445 639 4514 11111111
660 4448 753 4516 etiam
770 4468 885 4529 sumus,
908 4447 987 4518 11111
994 4447 1039 4520 sle
1053 4445 1103 4519 his
1119 4444 1260 4518 omnibus
1275 4445 1307 4510 et
1321 4439 1491 4529 quibusdam
