3132 4910
596 313 640 328 -
685 277 840 348 ete-

680 619 755 687 243.

354 785 552 848 Cardinalb
574 783 788 860 Campemus
811 784 983 844 Clementi
1006 783 1079 844 v11.

536 893 624 980 (Iitt
639 894 733 980 prino
751 895 808 962 IlL
824 893 891 979 31).

568 1009 634 1096 (20.
650 1011 737 1078 Febr.
755 1008 865 1095 1525).

179 1173 354 1242 Rsuorbtur
376 1171 416 1238 ed
438 1190 461 1238 e.
478 1191 504 1238 v.
520 1171 791 1238 reverendissimus
814 1170 956 1238 domiuus
972 1169 1145 1255 Stephanus
1161 1170 1342 1238 Broderieus

97 1289 262 1373 propositus
272 1286 587 1372 Quinqueoelesieusis
603 1285 791 1354 serenissimi
805 1285 897 1353 huius
913 1286 994 1372 regis
1010 1288 1111 1354 orator
1125 1288 1160 1354 ut
1177 1287 1259 1372 apud
1273 1305 1342 1354 earn

98 1405 189 1470 certes
211 1402 384 1472 maiestatis
415 1421 469 1469 suo
491 1403 522 1468 et
544 1401 636 1468 buius
659 1401 746 1488 regui
774 1402 901 1487 uegooia
930 1403 1004 1487 agat
1025 1403 1057 1469 et
1078 1402 1232 1487 proeuret;
1261 1401 1342 1469 inter

97 1537 152 1603 quo
165 1517 221 1585 duo
242 1518 337 1586 babet
355 1517 497 1604 preeipua
519 1517 556 1584 de
579 1517 689 1602 quibus
712 1535 768 1602 ego
791 1535 908 1602 quoque
930 1517 1104 1584 serenitatis
1127 1535 1180 1584 sue
1201 1517 1342 1601 precibus

97 1635 192 1701 motus
214 1651 304 1720 oogor
326 1634 430 1719 aliqua
451 1651 505 1719 pro
527 1653 632 1701 eorum
654 1633 837 1718 profectione
854 1651 877 1700 s.
897 1652 925 1700 v.
942 1633 1081 1712 seribere,
1104 1633 1234 1700 alterum
1258 1632 1341 1700 euim

96 1751 143 1816 ost
162 1749 264 1818 iretris
286 1749 416 1817 Joannis
446 1749 485 1816 (ie
508 1747 687 1834 Gupistreuo
716 1747 903 1817 canonizatio
932 1767 1025 1833 quam
1055 1765 1174 1815 sumere
1204 1767 1254 1816 rer
1275 1747 1342 1833 ipso

97 1865 201 1951 aliique
223 1866 312 1952 regni
333 1883 470 1951 prooeros
492 1865 609 1950 petunt.
646 1865 788 1932 Alterum
811 1863 993 1950 paroehialis
1016 1863 1175 1931 cuiusdam
1198 1883 1251 1932 seu
1273 1864 1340 1949 ple·

97 1981 179 2063 buuie
200 1982 233 2049 iu
247 1981 553 2067 archipresbiteratus
567 1980 753 2066 (lignitatem
775 1981 884 2048 oreotio
900 1997 969 2048 eum
984 1980 1130 2048 faoultate
1145 1983 1177 2048 et
1191 1981 1342 2065 potestate

97 2097 195 2165 utenti
207 2097 434 2182 pontifioalibus
448 2111 565 2164 neonou
581 2115 651 2163 eum
665 2096 858 2183 induigentia
873 2096 1009 2182 plenarie
1024 2095 1123 2164 tribus
1146 2096 1219 2163 anui
1233 2095 1341 2164 diebus

96 2215 231 2298 perpetuo
260 2214 407 2281 durature
429 2212 468 2279 ad
489 2212 672 2280 instantiam
694 2213 853 2298 magnifici
875 2211 992 2280 domiui
1014 2210 1166 2279 Gabrielis
1189 2211 1226 2279 do
1248 2211 1341 2279 Pesiu

97 2328 177 2413 regui
197 2329 287 2397 huius
310 2329 434 2397 baronis
457 2328 510 2414 qui
532 2329 572 2395 ob
586 2327 762 2396 huiusmodi
784 2329 884 2415 gratie
906 2327 1184 2413 compensetiouem
1207 2325 1294 2394 otiort
1310 2345 1342 2394 so

99 2441 233 2529 iuregui
254 2441 346 2511 huius
369 2445 401 2511 et
422 2443 531 2511 tinium
554 2443 691 2512 eustodia
712 2445 744 2511 et
767 2445 908 2512 tutellam
931 2444 1002 2511 dare
1021 2443 1119 2511 oertos
1141 2442 1342 2528 stipendiatos

97 2557 205 2626 milites
227 2559 266 2626 ad
280 2561 398 2628 eertum
413 2561 535 2644 tempus
558 2561 648 2645 prout
662 2559 756 2627 latius
771 2580 807 2629 ex
829 2560 935 2628 eodem
958 2559 1081 2628 domino
1097 2557 1251 2644 Stephano
1271 2577 1294 2625 s.
1311 2577 1342 2625 r.

97 2690 267 2758 eoguosoere
288 2675 402 2759 poterit
424 2727 431 2742 .
455 2726 463 2742 .
487 2727 494 2741 .
518 2726 525 2742 .
548 2674 653 2742 Baiae
675 2694 721 2742 rx,
744 2675 902 2744 Februarii
924 2675 1043 2743 mim.

914 2879 1034 2968 Cardia.
1058 2877 1250 2966 Oampegius.

676 3167 750 3232 244.

405 3329 545 3392 Prorex
562 3331 731 3406 Neapolis
755 3329 926 3391 Clementi
942 3331 1016 3393 Vn.

533 3439 620 3526 (Iitt
635 3439 729 3524 prino.
746 3439 803 3506 111
819 3439 886 3526 33).

562 3555 628 3640 (24
643 3554 730 3622 Febr.
748 3554 857 3640 1525).

175 3713 375 3784 Sanctissims
397 3733 433 3781 ao
455 3713 633 3782 beatissime
655 3716 749 3799 pater.
795 3715 872 3783 Post
899 3715 1011 3800 pedum
1042 3716 1146 3785 osuule
1169 3715 1336 3784 beatorum,

97 3827 201 3916 Perque
215 3852 243 3899 v.
260 3850 284 3897 s.
301 3847 353 3896 sea
367 3829 635 3913 particularmoute
657 3829 827 3897 informabo
842 3830 911 3897 dela
926 3829 1052 3898 viotoria
1074 3851 1132 3916 que
1146 3850 1184 3918 oy
1199 3832 1240 3897 bu
1257 3830 1336 3898 dado

95 3941 160 4010 Dios
188 3946 219 4011 al
240 3945 313 4012 bien
342 3944 511 4012 eumundo
541 3943 632 4012 Itelie
661 3964 717 4031 por
738 3965 814 4031 cupa
843 3945 1009 4013 deffensiou
1031 3947 1060 4013 el
1089 3946 1266 4032 emperedor
1295 3945 1336 4011 ha

95 4059 240 4144 empleado
255 4079 309 4128 sus
325 4059 444 4143 tuorpes
467 4079 553 4128 oomo
568 4062 615 4128 los
638 4062 792 4146 empleara
807 4060 844 4127 do
868 4080 942 4146 mup
956 4061 1056 4128 bueue
1070 4061 1217 4130 voluntat
1239 4061 1333 4128 siem·

95 4189 140 4254 pre
159 4193 214 4261 que
235 4175 321 4242 fuere
342 4177 496 4243 menester
517 4193 572 4261 por
595 4176 722 4244 sersieio
744 4176 782 4244 de
804 4197 832 4244 v.
848 4177 876 4244 b.
900 4176 1000 4243 embio
1022 4194 1040 4241 a
1060 4173 1154 4260 (turpi
1175 4174 1334 4261 btunrique
1364 4153 1367 4160 ¹

96 4283 128 4351 te
146 4288 219 4356 Iuru
241 4309 300 4376 que
322 4308 408 4358 sorno
430 4309 559 4376 persona
589 4309 646 4376 que
669 4292 733 4357 assi
755 4311 792 4358 ou
815 4293 846 4358 la
875 4291 1039 4359 deffensiou
1064 4291 1100 4358 de
1124 4291 1218 4357 Paria
1247 4310 1333 4359 eomo

98 4419 130 4468 ou
150 4404 178 4470 la
195 4405 324 4491 jomuda
345 4407 383 4473 ds
405 4426 443 4492 oy
466 4408 507 4472 ba
530 4405 621 4493 sepio
650 4407 748 4474 bueua
770 4408 864 4490 perte,
893 4407 985 4492 podra
1008 4406 1063 4472 (iar
1086 4407 1194 4472 euentu
1217 4425 1235 4472 a
1258 4426 1285 4472 v.
1310 4427 1332 4472 s.
