3128 4908
767 290 1013 369 ...prod

263 488 394 565 rioribus
410 487 516 564 diebus
533 486 786 564 Columnensibue
802 495 934 567 subditis
949 496 1063 564 nostris
1079 494 1210 583 quidem,
1235 492 1287 565 sed
1302 492 1389 566 nobis
1404 513 1499 584 pamm

263 615 334 680 fidis
356 632 443 679 arma
464 614 497 679 in
520 613 662 679 manibus
679 611 717 678 ad
739 613 843 697 portas
866 613 951 679 urbis
974 615 1095 679 nostrae
1113 615 1297 693 tenentibus,
1320 635 1375 680 nos
1397 633 1499 700 qnoque

263 731 385 796 firmam
416 748 541 794 manum
563 728 700 794 militum
723 728 1026 812 comparavissemus,
1056 748 1116 814 qua
1139 729 1203 794 illis
1234 731 1324 796 facile
1348 731 1499 814 superiores

263 845 298 911 in
319 844 557 929 Neapolitanum
580 861 708 928 regnum
732 843 846 909 intrare
868 845 900 908 et
922 844 1026 909 omnia
1039 845 1171 922 turbare,
1195 863 1231 911 ae
1253 846 1434 911 lataiactare
1453 865 1499 928 po

262 957 437 1038 censeamus,
460 959 554 1025 simul
576 961 666 1042 etque
688 957 764 1023 tides
779 961 827 1024 est
849 959 937 1024 nobis
959 977 1013 1042 per
1027 957 1246 1026 Oolnmnenses
1268 959 1342 1025 data
1356 978 1409 1026 eos
1428 979 1501 1024 arma

263 1055 330 1142 eece
352 1075 555 1160 deposituros,
586 1073 723 1156 nihilque
752 1074 858 1139 contm
887 1091 942 1140 nos
964 1073 996 1140 ot
1019 1069 1136 1140 statum
1164 1077 1305 1141 nostram
1335 1078 1501 1144 tentatum

264 1191 371 1257 statim
393 1189 497 1258 omnia
519 1192 638 1256 armata
660 1188 812 1272 praesidia
834 1188 1018 1269 dimisimus,
1041 1207 1160 1274 qnoque
1183 1191 1216 1256 in
1238 1194 1327 1274 parte
1349 1193 1379 1256 si
1393 1191 1501 1257 inimico

263 1289 365 1373 animo
380 1306 544 1372 fuissemus
566 1305 599 1371 in
623 1302 782 1371 Caesarem
805 1304 922 1370 bollum
945 1301 1075 1389 flagrare
1103 1307 1136 1373 ot
1158 1305 1260 1390 vigore
1283 1307 1447 1390 oportebat
1473 1323 1502 1370 ea

262 1441 298 1489 ex
320 1423 405 1506 parte
428 1439 580 1488 summam
597 1437 702 1504 pacem
725 1419 859 1486 issimus.
890 1421 970 1504 largo
993 1419 1026 1486 in
1040 1421 1098 1486 hoc
1113 1423 1195 1486 statu
1211 1441 1261 1487 res
1276 1425 1400 1488 nostrae
1420 1425 1501 1487 erant

262 1557 332 1604 curn
354 1536 462 1603 estad
485 1554 540 1602 noe
562 1535 601 1602 de
629 1534 711 1620 regis
733 1534 887 1620 Ungariae
917 1537 1028 1615 morte,
1059 1538 1091 1603 et
1113 1537 1178 1602 eins
1207 1537 1340 1602 exercitu
1371 1555 1451 1603 ceam
1473 1555 1502 1600 ac

263 1653 491 1720 delatrarem
516 1651 641 1718 sictona
670 1651 814 1727 allatm3
844 1668 903 1735 qno
931 1653 1040 1718 nuncio
1062 1650 1202 1736 perculsi,
1232 1671 1302 1718 cum
1325 1669 1502 1719 cameramos

263 1769 324 1834 nisi
346 1769 419 1852 apta
440 1765 574 1833 remedia
602 1767 831 1850 quaererentur,
860 1767 963 1832 emnia
991 1767 1025 1832 in
1047 1785 1141 1833 cnam
1170 1769 1290 1834 ruinam
1314 1767 1502 1853 procacium

264 1883 371 1949 statim
400 1881 534 1966 cepimus
562 1880 724 1947 consilium
747 1880 917 1964 inspirante
939 1881 1070 1948 Domino
1092 1901 1270 1967 quacunque
1291 1883 1410 1949 ratione
1429 1899 1503 1948 arna

264 1999 368 2065 nostm
389 1995 566 2082 deponendi,
588 2015 624 2062 ac
646 1996 728 2062 iusso
751 1996 892 2062 accersiri
914 1996 1022 2081 Ugone
1044 1997 1081 2063 de
1104 1997 1254 2064 Moncada
1268 1997 1408 2064 Gesseris
1429 1997 1501 2080 copi·

262 2114 351 2179 tanoo
373 2111 565 2178 induciarum
579 2114 700 2196 tempus
723 2111 936 2191 constituendi,
960 2131 1018 2196 qno
1041 2112 1157 2178 interea
1179 2113 1376 2198 nosmetipsi
1399 2113 1437 2177 ed
1456 2131 1499 2176 ca·

264 2228 402 2294 rissimcs
424 2228 458 2294 in
473 2227 594 2293 christo
617 2227 697 2292 tilios
719 2228 840 2294 nostros
860 2225 1020 2293 Gaesarem
1042 2232 1074 2292 et
1096 2229 1389 2294 christianissimum
1412 2247 1501 2311 mom

263 2335 402 2410 comdere
424 2345 457 2409 ct
478 2341 648 2426 efflagitare
670 2342 750 2408 inter
772 2342 844 2408 illos
867 2361 982 2426 pacem,
1011 2341 1159 2410 currilium
1190 2344 1309 2410 labanti
1331 2342 1502 2408 christianae

264 2458 446 2544 reipublicae
461 2459 561 2542 petere
583 2459 674 2541 atque
689 2458 853 2536 obsecrare,
876 2457 954 2524 iram
972 2457 1029 2526 Dei
1051 2458 1240 2538 denunciare
1264 2457 1369 2526 omnia
1387 2457 1502 2540 deniqne

264 2576 382 2641 tentare
404 2576 435 2640 et
457 2592 548 2658 agore
568 2591 645 2658 quae
667 2572 707 2639 ad
730 2573 898 2657 proiectum
919 2573 1003 2657 pacis
1026 2575 1195 2640 necessario
1217 2577 1321 2640 essent
1337 2575 1502 2646 valeremus

264 2707 325 2756 non
347 2691 451 2757 nostro
465 2688 665 2765 incommodo,
689 2707 749 2754 non
771 2689 949 2773 populorum
974 2691 1155 2770 nostrorum,
1185 2709 1246 2756 non
1268 2689 1413 2774 periculis
1433 2688 1503 2762 allia

264 2809 318 2872 aut
339 2805 444 2886 maris,
466 2807 520 2872 eut
542 2807 648 2884 terroe,
671 2807 808 2871 nostram
822 2805 906 2888 piam
929 2803 1118 2872 voluntatem
1133 2805 1366 2872 deterrentibus
1401 2805 1462 2876 Hac
1474 2821 1502 2868 re

218 2963 220 2970 ι
264 2922 308 2988 sic
330 2920 506 3000 omnesaue,
527 2921 648 3004 postero
662 2920 712 2987 dic
734 2938 832 2998 mane,
856 2918 1000 3020 advocato
1022 2924 1161 2986 venelium
1187 2921 1319 2987 fratrum
1342 2923 1502 2988 nostrerum

263 3039 385 3106 arceo
406 3037 562 3103 Romanae
584 3035 728 3104 acclesiae
750 3034 950 3102 cardinalium
975 3033 1162 3114 consistorio,
1186 3037 1429 3121 significavimus
1448 3033 1502 3100 nte

262 3154 353 3220 huius
363 3150 548 3236 suscipiendi
561 3151 681 3217 itineris
696 3153 831 3218 mentem
846 3153 998 3228 nostram
1014 3169 1090 3234 qnae
1105 3171 1175 3218 cum
1191 3153 1231 3218 eb
1246 3152 1392 3218 omnibns
1407 3151 1502 3218 inierat

253 3260 437 3354 approbata,
460 3267 617 3335 silentium
632 3270 705 3334 tnnc
726 3266 791 3334 illis
806 3265 980 3333 indiximus.
1026 3266 1159 3351 Vespere
1181 3268 1284 3334 entem
1299 3266 1436 3334 eiusdem
1450 3264 1501 3331 dici

262 3386 377 3452 uocans
398 3385 568 3451 amictibus
591 3383 728 3449 omnium
750 3383 923 3467 principum
946 3382 999 3466 qui
1021 3383 1101 3466 apud
1124 3402 1179 3448 nos
1202 3383 1291 3448 erant
1312 3383 1440 3450 eandem
1455 3400 1499 3446 ro·

261 3503 411 3568 luniatem
427 3501 564 3568 noemam
578 3499 643 3565 illis
659 3500 842 3583 aperuimus,
864 3498 945 3565 inter
959 3515 1034 3582 qnos
1056 3498 1186 3564 dilectus
1209 3496 1293 3564 lilius
1308 3497 1459 3565 Martinus
1470 3495 1502 3560 do

260 3617 452 3702 Portugcllia
474 3619 565 3682 sor.iia
590 3619 660 3682 tuse
682 3634 784 3699 nepos,
813 3615 899 3680 cuius
920 3614 1027 3692 virtus,
1049 3613 1210 3693 industria,
1232 3613 1403 3698 prudentia
1425 3611 1502 3679 notis

260 3753 331 3802 cern
347 3739 442 3818 ‘saepe
471 3733 557 3811 allas,
586 3735 653 3797 tum
683 3730 815 3796 maxime
836 3729 870 3794 in
892 3730 948 3795 hoc
977 3729 1061 3796 omni
1089 3727 1347 3814 periculosissimo
1377 3731 1500 3812 temporo

261 3849 420 3929 satisfecit,
442 3848 577 3934 optimus
599 3848 700 3931 potest
721 3846 781 3913 tibi
803 3864 869 3912 esse
891 3846 989 3924 testis,
1019 3844 1073 3928 qni
1093 3844 1128 3911 in
1150 3843 1288 3911 consiliis
1309 3845 1501 3929 periculisque

260 3967 373 4036 nostris
387 3965 530 4033 omnibns
544 3964 655 4041 latore,
678 3962 848 4048 diligentia,
863 3961 990 4027 consilio
1006 3960 1147 4026 assiduus
1162 3959 1336 4040 intervenit
1358 3963 1392 4028 et
1406 3961 1499 4026 nece

259 4103 318 4150 nce
333 4101 410 4168 qnae
431 4081 494 4148 diei
508 4083 603 4158 erant
626 4099 696 4146 cum
720 4097 787 4146 ecce
802 4077 948 4162 postridie
964 4095 1084 4143 summo
1107 4094 1198 4141 mane
1212 4075 1500 4142 tumultuosissimas

260 4197 388 4266 nuncins
410 4197 451 4262 ad
472 4215 529 4263 nos
552 4196 643 4273 venit
666 4194 883 4261 Columnanscs
905 4193 1016 4260 oblitos
1040 4191 1112 4259 fidei
1132 4210 1226 4276 qnam
1245 4192 1334 4258 nobie
1357 4191 1499 4262 mnino

260 4311 455 4396 mmnismma
475 4313 579 4378 mente
600 4311 632 4376 st
652 4311 817 4389 voluntate,
840 4309 915 4375 dnce
937 4309 1001 4376 mm
1023 4307 1104 4374 dicto
1124 4307 1192 4393 Uro
1213 4307 1252 4374 ds
1266 4305 1418 4375 lioncnda
1431 4303 1498 4372 oac-

262 4425 340 4504 cuis
355 4427 511 4510 capitaneo
526 4445 595 4494 cum
610 4443 724 4512 magna
738 4443 832 4492 mann
847 4443 915 4494 osee
930 4425 970 4492 ad
984 4425 1069 4495 urbis
1083 4425 1197 4511 portas,
1217 4423 1342 4512 nmque
1354 4425 1500 4510 meremor
