3132 4910
595 207 841 278 -357-

95 402 205 488 priores
228 403 397 487 reducatur,
420 407 455 472 ut
477 406 685 492 quodcumque
707 405 778 491 post
799 405 885 473 illius
907 405 1103 472 violationem
1129 405 1271 491 utrinque
1294 405 1342 473 est

95 520 292 606 interceptum
306 523 494 603 restituatur,
516 524 548 590 st
562 521 596 589 in
610 541 646 590 ea
668 521 820 590 sententia
841 541 870 610 p.
886 542 913 588 ι.
935 524 1078 608 perpetuo
1100 522 1214 606 quoad
1236 541 1342 609 paoem

94 639 267 724 perpetuam
288 637 452 706 ineundam
474 639 628 725 persistat

179 769 215 838 Si
236 790 306 840 vero
336 771 396 840 dux
425 773 479 842 illc
500 793 602 842 arcem
625 771 805 843 Smolenslro
835 773 984 858 exceperit
1013 775 1045 841 et
1067 773 1227 842 restituere
1254 773 1343 841 illum

96 889 229 970 noluerit,
252 892 368 957 neceb
391 910 426 958 eo
449 891 591 959 instituto
610 891 704 958 nullis
727 890 897 958 rationibus
920 910 947 956 ι.
963 893 1014 976 pir
1039 889 1147 957 deduci
1168 889 1289 975 poterit,
1312 891 1344 958 st

96 1007 250 1090 presertim
273 1007 353 1092 qnod
367 1007 534 1094 intercepta
549 1009 630 1076 esset
651 1009 722 1093 post
736 1026 842 1093 paoem
864 1007 1041 1092 perpetuam
1057 1024 1149 1091 quam
1164 1007 1229 1092 ipse
1244 1007 1342 1073 viola·

96 1121 145 1202 uit,
166 1140 228 1189 non
250 1122 400 1208 intelligit
422 1144 463 1191 m.
480 1143 535 1190 sua
557 1123 668 1210 quibus
691 1121 762 1190 aliis
785 1122 885 1190 modis
907 1141 965 1207 par
982 1123 1080 1190 solida
1102 1123 1209 1190 confici
1231 1125 1343 1208 posset,

96 1239 222 1306 maxime
244 1239 279 1306 in
300 1239 454 1307 modernis
485 1240 529 1306 rei
552 1239 737 1307 christianae
759 1239 904 1320 motibus,
930 1239 963 1305 in
986 1239 1097 1325 quibus
1125 1239 1344 1307 difficillimum

96 1357 171 1422 esset
193 1354 231 1421 ds
253 1355 353 1424 modis
376 1357 408 1422 et
430 1356 654 1425 conditionibus
677 1356 747 1422 aliis
769 1356 912 1441 utrinque
933 1357 1072 1424 tractare.

178 1491 218 1557 lli
239 1490 373 1576 proinde,
403 1490 483 1575 quod
512 1492 681 1558 extremum
708 1493 764 1570 est,
794 1489 948 1576 egendum
977 1489 1037 1558 erit
1065 1490 1102 1557 de
1124 1489 1253 1557 indutiis
1281 1490 1344 1558 biis

96 1625 168 1691 quae
189 1607 269 1675 iuter
290 1627 331 1674 m.
356 1625 444 1672 suam
475 1607 618 1674 stillum
640 1608 748 1675 ducem
778 1609 850 1674 suut
872 1606 905 1673 in
927 1625 1052 1692 presens
1080 1606 1203 1692 longius
1229 1606 1343 1693 produ-

97 1721 202 1803 cendis,
224 1723 320 1790 mam
341 1723 380 1790 ad
403 1742 499 1790 annos
522 1742 618 1808 usque
640 1723 744 1790 decem
766 1723 815 1789 vel
844 1723 956 1808 pluras,
986 1724 1021 1788 ut
1042 1722 1167 1789 interim
1197 1741 1246 1790 res
1267 1742 1345 1808 qnae

97 1838 230 1923 componi
252 1857 312 1906 nou
335 1841 460 1923 possent
482 1838 647 1924 penderent
669 1838 708 1905 ad
731 1841 853 1923 tempus
876 1837 968 1906 aliud
1014 1839 1080 1905 Hoc
1102 1838 1186 1906 enim
1207 1859 1250 1906 m.
1273 1857 1345 1907 snae

98 1955 294 2022 tollerabilius
309 1958 390 2023 osset
405 1974 498 2041 quam
514 1974 615 2022 arcem
633 1956 682 2022 illi
704 1956 770 2022 tam
785 1955 911 2041 indigue
927 1956 1105 2040 occupatam
1120 1955 1344 2024 conditionibus

98 2071 243 2157 aliquibus
265 2071 350 2157 pacis
373 2072 530 2150 amittere;
553 2074 588 2139 ut
610 2071 734 2140 interim
750 2071 868 2138 nuntiis
891 2071 971 2138 iuter
993 2091 1034 2138 m.
1051 2091 1139 2139 suam
1162 2074 1194 2140 et
1215 2072 1343 2141 eundem

99 2186 198 2254 ducem
212 2188 420 2255 comeantibus
436 2191 467 2255 et
482 2189 669 2256 commertiis
684 2188 893 2268 existentibus,
908 2188 1018 2256 melior
1040 2188 1156 2255 occasio
1170 2189 1255 2274 paois
1270 2208 1343 2257 con·

100 2302 233 2372 ficicudae
256 2324 290 2372 se
312 2304 434 2372 offerret
454 2307 486 2372 et
508 2304 674 2374 nenessitas
698 2305 742 2372 rei
763 2303 949 2373 christianae
972 2323 1033 2372 non
1054 2303 1261 2390 impediretur.

179 2439 218 2506 nt
231 2439 307 2507 baec
328 2440 377 2506 eet
392 2439 543 2506 sententia
558 2440 589 2506 et
602 2439 764 2507 menoccle
787 2458 827 2506 m
844 2456 916 2506 succ
937 2436 971 2506 in
985 2456 1129 2523 praesens
1150 2437 1236 2508 iuxta
1250 2459 1343 2526 quam

101 2573 130 2620 sc
150 2574 174 2622 ι.
188 2575 216 2640 p.
239 2574 294 2640 pro
316 2555 431 2622 virtuts
453 2557 484 2624 et
507 2554 659 2622 industria
682 2575 737 2623 sua
758 2573 863 2642 gerere
886 2555 1013 2624 curabit

178 2688 226 2757 Ad
240 2708 292 2757 aas
308 2689 443 2757 indutias
458 2689 665 2776 producendas
688 2690 716 2757 si
730 2690 779 2757 illi
793 2689 947 2758 videbitur
969 2689 1108 2758 medere
1122 2691 1209 2772 velle,
1231 2691 1344 2777 poterit

101 2823 125 2870 ι.
139 2825 165 2890 p.
177 2824 230 2890 pro
244 2825 286 2873 m
302 2825 359 2873 sua
373 2805 512 2891 polliceri
526 2805 606 2891 quod
622 2825 674 2872 eas
689 2825 807 2892 quoquc
822 2825 914 2874 causa
930 2806 991 2874 ad
1007 2826 1037 2874 n
1053 2807 1084 2875 et
1098 2807 1143 2875 rei
1158 2807 1343 2876 christianae

102 2919 138 2986 sit
158 2924 330 3008 susceptura
357 2923 390 2990 et
410 2922 450 2990 ad
472 2941 525 2989 eas
553 2922 722 2989 firmandas
750 2924 884 2990 oratores
915 2940 986 2990 suos
1015 2921 1164 3001 missuum
1193 2941 1266 2991 nam
1288 2923 1342 2993 ille

102 3035 173 3103 brol
193 3037 284 3106 dubie
298 3057 359 3105 nou
381 3039 527 3105 uacaret
548 3039 580 3104 et
595 3038 730 3106 firmaret
753 3038 824 3104 illas
846 3037 909 3106 nisi
930 3057 1001 3105 oum
1023 3039 1194 3107 oratoribus
1209 3059 1249 3106 m.
1269 3059 1342 3107 sune

103 3151 147 3234 qui
166 3153 257 3221 etiam
279 3154 320 3220 ab
341 3154 396 3220 illo
418 3153 630 3222 iusiurandum
652 3154 802 3240 acciperet
822 3157 858 3221 ut
880 3154 946 3222 fieri
967 3155 1015 3222 est
1036 3157 1224 3224 consuetum

178 3288 293 3366 Datum
322 3287 357 3354 in
384 3307 452 3356 arce
480 3287 757 3374 blarismbmgensi
787 3289 838 3357 die
866 3288 984 3356 decima
1012 3288 1128 3376 Aprilis
1157 3307 1238 3358 anno
1267 3288 1341 3359 Xsti

104 3401 218 3471 mdrxvi
263 3404 364 3490 Regni
385 3423 427 3471 m
451 3421 523 3472 suec
546 3404 806 3490 annovigesimo.

678 3693 753 3762 273.

527 3859 701 3920 Rorarlus
724 3857 905 3921 Sadolete.

462 3967 626 4055 (Divereor.
648 3968 689 4036 ad
711 3966 804 4036 Clam.
827 3969 868 4036 11.
893 3967 959 4055 77).

550 4083 617 4172 (11.
631 4084 748 4170 Aprilis
765 4082 874 4170 1526).

179 4294 215 4312 ..
238 4296 246 4312 .
268 4243 298 4311 11
319 4263 352 4312 re
376 4243 422 4330 (di
443 4243 570 4313 Polonia
599 4246 654 4312 che
676 4246 706 4313 lo
730 4243 876 4313 Scareuse
901 4244 970 4313 vide
991 4245 1024 4313 iu
1047 4243 1269 4334 Mariamburg)
1292 4246 1338 4314 mi

108 4352 130 4420 lo
147 4357 291 4429 chiamars
314 4360 354 4427 da
381 4361 468 4447 parte
489 4381 506 4429 e
529 4361 568 4429 da
590 4382 687 4431 mons.
711 4361 743 4429 di
766 4359 908 4430 oneris
935 4361 979 4430 mi
1000 4361 1030 4430 le
1053 4361 1118 4431 dire
1140 4361 1196 4431 obe
1218 4361 1263 4431 mi
1285 4381 1335 4432 se-
