3132 4910
570 295 725 368 -349
771 331 815 347 -

81 485 113 560 ai
127 489 263 580 pericula,
286 511 363 580 quae
379 495 445 561 tum
460 512 479 560 a
493 494 610 576 lincis
633 497 701 561 tum
723 495 762 561 ab
778 493 998 561 baereticorum
1014 489 1081 560 dira
1095 496 1127 560 at
1142 493 1207 560 tam
1221 487 1318 578 impia

80 611 263 695 peruersitate
284 610 445 677 immmore
460 609 610 692 videntum,
632 611 713 678 certe
728 629 764 678 ea
779 611 882 676 mente
897 629 1011 690 sumus,
1034 612 1145 676 utnon
1160 628 1318 677 vereamur

79 727 166 793 Deum
187 727 426 810 omnipotentem
440 725 545 793 fidelos
568 745 638 794 euos
661 727 706 792 ita
720 726 928 794 auimatumm
943 727 978 792 ut
993 724 1032 791 ad
1047 725 1150 792 omnia
1171 725 1246 792 haec
1261 724 1315 790 de·

78 843 203 927 pellenda
224 843 449 927 promptissimi
471 845 503 909 et
524 843 660 910 volentes
683 842 754 909 sint
786 841 850 909 Nos
873 841 997 926 quidem
1012 841 1155 926 quicquid
1176 841 1315 909 fortuna·

78 979 137 1025 mm
157 959 253 1026 animi
274 958 395 1026 consilii
424 958 512 1025 nobis
535 977 554 1022 a
575 959 640 1024 Deo
667 976 802 1042 unquam
830 957 982 1024 tributum
1004 958 1060 1040 est,
1089 956 1123 1024 id
1144 975 1234 1024 omne
1256 974 1318 1022 una

78 1093 138 1141 eum
159 1075 221 1142 rita
241 1075 311 1160 ipsa
325 1094 379 1159 pro
403 1093 456 1141 suo
473 1074 667 1142 sanctissimo
690 1074 821 1156 nomine,
844 1073 968 1158 eiusque
982 1074 1078 1141 electo
1100 1091 1193 1160 grege
1214 1072 1316 1140 liben-

78 1191 185 1258 tissime
208 1210 327 1275 semper
349 1210 455 1258 sumus
479 1190 653 1274 exposituri,
675 1191 818 1275 nulloque
840 1190 905 1258 loco
927 1189 1089 1256 christiani
1111 1189 1244 1256 nominis
1267 1188 1316 1254 di-

78 1306 180 1390 gnitati
201 1308 292 1392 atque
315 1307 408 1372 saluti
430 1306 571 1373 defuturi
603 1306 650 1373 De
672 1305 782 1391 quibus
805 1305 948 1372 omnibus
971 1305 1066 1373 etiam
1088 1305 1316 1372 commissimus

77 1421 114 1488 ill
129 1421 252 1490 Suessae
275 1422 345 1488 duci
366 1423 487 1489 nostras
509 1421 603 1488 isthic
620 1421 702 1488 vices
725 1420 838 1507 menti,
861 1424 897 1488 ut
910 1423 1004 1488 latius
1026 1440 1097 1489 cum
1120 1440 1144 1488 s.
1160 1442 1188 1488 u.
1207 1422 1316 1506 loqua-

77 1539 134 1614 tur;
154 1538 202 1604 cui
217 1537 310 1605 tidem
333 1538 444 1605 habere
459 1536 646 1623 dignabitur,
668 1539 759 1624 atquo
782 1537 819 1604 do
842 1537 930 1604 nobis
946 1537 1070 1604 demum
1092 1555 1128 1604 ea
1143 1537 1317 1604 existimare

79 1671 146 1735 quae
167 1653 203 1719 de
225 1653 499 1738 obsequentissimi>
522 1653 586 1720 filio
609 1653 767 1738 almaeque
796 1652 888 1719 iatius
917 1654 1101 1738 apostolicae
1124 1651 1211 1720 Sedis
1234 1652 1316 1738 vigi·

78 1767 239 1837 lantissimo
268 1771 359 1854 atque
387 1769 534 1836 acerrimo
563 1769 719 1836 defensore
748 1768 830 1835 credi
859 1769 977 1836 debent
1022 1770 1063 1836 Et
1085 1770 1186 1837 valam
1207 1787 1316 1854 quam·

79 1883 261 1952 faelicissimo
290 1905 318 1952 v.
341 1905 365 1952 s.
394 1887 534 1953 votorum
562 1885 701 1952 omnium
730 1903 855 1953 suorum
884 1903 1015 1971 compos.
1060 1886 1177 1952 Datum
1205 1883 1239 1950 in
1261 1884 1317 1951 civ.

79 2003 172 2067 nostra
191 2000 291 2068 Toleti
313 2000 362 2069 iio
376 2001 439 2068 viii.
454 2001 542 2070 Junii
563 2021 643 2069 anno
657 2001 784 2068 Domini
798 2001 916 2069 mlxxv.
947 2003 1123 2088 Regnorum
1144 2002 1318 2076 nostrorum

79 2115 198 2184 Romani
219 2121 312 2198 sexto,
334 2120 367 2184 et
389 2117 519 2185 aliorum
542 2117 668 2186 decimo.

157 2259 281 2328 (larolns
310 2260 415 2328 (lirina
436 2261 557 2328 favente
586 2261 749 2329 clementia
777 2263 892 2330 electus
915 2262 1123 2330 Romanorum
1144 2261 1318 2346 imperator,

79 2393 185 2462 semper
198 2377 358 2463 augustus,
379 2395 415 2442 ac
430 2375 621 2460 Germaniae,
635 2377 864 2463 Hispaniarum,
886 2379 1043 2464 utriusque
1058 2375 1190 2457 Siciliae,
1204 2375 1317 2443 Hieru-

79 2493 172 2575 salem,
194 2493 379 2579 Hungariae,
402 2494 585 2575 Dalmatiae,
608 2493 746 2562 Oroatiae
764 2497 820 2562 etc
843 2513 903 2576 rex,
925 2494 1070 2563 archidux
1084 2493 1237 2574 lustriae,
1259 2491 1319 2557 dux

79 2607 270 2695 Burgundios,
291 2610 479 2678 Brabantiae
500 2613 533 2678 ot
553 2629 654 2679 comes
677 2610 855 2697 Hsbspusgi
877 2612 933 2678 etc.

1095 2725 1135 2794 lll
1155 2725 1230 2812 Ray.

658 2963 735 3032 264

391 3127 475 3190 Dux
497 3127 701 3190 sabaudiae
722 3125 895 3189 Clementi
917 3129 991 3189 vn.

505 3237 591 3324 (Iitt
608 3237 703 3322 princ
719 3237 776 3304 HL
796 3236 882 3324 175).

547 3353 613 3441 (22.
628 3352 717 3420 Junii
733 3351 842 3440 1525).

158 3511 313 3594 Quantum
335 3513 514 3581 abhorream
529 3514 729 3600 dampnatum
744 3514 873 3582 neuun.
889 3515 1004 3581 sectam
1019 3513 1319 3598 abiectissimamque

80 3625 154 3694 illius
175 3632 205 3696 et
228 3629 401 3714 sequatium
424 3629 557 3697 heresim
579 3631 630 3698 viu
653 3631 753 3698 verbis
783 3631 933 3715 explicare
954 3649 1076 3714 possem
1098 3651 1126 3715 p.
1150 3632 1178 3698 b.
1201 3629 1320 3714 Nempe

80 3742 126 3826 qui
151 3745 365 3813 devotissimus
394 3748 425 3812 et
454 3747 577 3813 sanctae
605 3747 742 3814 Romans
764 3747 899 3813 Ecclesia
928 3748 960 3812 ot
981 3766 1009 3812 v.
1034 3744 1208 3812 sanctitatis
1236 3745 1319 3811 lilius

80 3860 163 3926 nullis
178 3861 289 3928 studiis
304 3880 439 3946 unquam
455 3863 503 3929 val
518 3863 672 3947 obsequiis
687 3863 804 3946 passim
818 3881 939 3947 parcere
954 3881 1085 3947 possam,
1109 3881 1166 3947 que
1181 3861 1220 3926 ad
1235 3860 1320 3926 illius

80 3977 271 4051 crebritatie
286 3977 486 4060 schinonem,
513 3978 751 4059 venerationem,
775 3980 892 4045 cultum
914 3979 1081 4063 pertinent,
1111 3995 1147 4044 aa
1168 3977 1319 4044 maiorum

82 4092 200 4178 ueshgia
221 4094 363 4161 imitatos
386 4095 439 4180 qui
463 4113 517 4179 pro
540 4095 595 4161 illa
618 4094 774 4180 usquead
796 4095 967 4180 proximum
995 4093 1177 4178 sanguinem
1198 4091 1318 4158 milita-

81 4211 150 4276 runt
184 4209 262 4277 (lum
284 4212 397 4293 autem,
418 4213 506 4296 pater
527 4210 705 4278 beatissime
727 4211 766 4277 ad
788 4213 910 4278 tantum
925 4211 1008 4278 uirus
1030 4208 1216 4294 inpropriis
1238 4208 1316 4276 meis

80 4327 191 4394 omnino
219 4328 458 4412 extinguendum
487 4329 519 4394 et
546 4328 767 4412 prohibendum
797 4327 977 4396 conveniens
1005 4326 1084 4392 mihi
1113 4325 1206 4406 forst,
1236 4345 1263 4393 v.
1295 4345 1318 4394 s.

81 4443 215 4510 auxiium
238 4445 349 4511 saltem
373 4445 540 4530 spirituale,
570 4445 698 4512 facultas
722 4446 839 4511 scilicet
861 4445 1006 4513 adversus
1036 4443 1208 4528 praelatum
1230 4442 1318 4510 here·
