<?xml version="1.0" encoding="UTF-8"?>
<!DOCTYPE html PUBLIC "-//W3C//DTD XHTML 1.0 Transitional//EN"
    "http://www.w3.org/TR/xhtml1/DTD/xhtml1-transitional.dtd">
<html xmlns="http://www.w3.org/1999/xhtml" xml:lang="en" lang="en">
 <head>
  <title>
</title>
<meta http-equiv="Content-Type" content="text/html;charset=utf-8" />
  <meta name='ocr-system' content='tesseract 3.04.00' />
  <meta name='ocr-capabilities' content='ocr_page ocr_carea ocr_par ocr_line ocrx_word'/>
</head>
<body>
  <div class='ocr_page' id='page_1' title='image "./monumentasaecul00sadogoog_0271.png"; bbox 0 0 3128 4908; ppageno 0'>
   <div class='ocr_carea' id='block_1_1' title="bbox 769 307 1013 374">
    <p class='ocr_par' dir='ltr' id='par_1_1' title="bbox 769 307 1013 374">
     <span class='ocr_line' id='line_1_1' title="bbox 769 307 1013 374; baseline 0 0"><span class='ocrx_word' id='word_1_1' title='bbox 769 307 1013 374; x_wconf 80' lang='lat'><strong>—252-</strong></span> 
     </span>
    </p>
   </div>
   <div class='ocr_carea' id='block_1_2' title="bbox 269 501 1554 3618">
    <p class='ocr_par' dir='ltr' id='par_1_2' title="bbox 269 501 1552 1058">
     <span class='ocr_line' id='line_1_2' title="bbox 269 501 1552 590; baseline 0.005 -22"><span class='ocrx_word' id='word_1_2' title='bbox 269 501 331 568; x_wconf 87' lang='lat' dir='ltr'><strong>tola</strong></span> <span class='ocrx_word' id='word_1_3' title='bbox 354 501 613 578; x_wconf 83' lang='lat' dir='ltr'><strong>converterentor;</strong></span> <span class='ocrx_word' id='word_1_4' title='bbox 636 501 669 568; x_wconf 94' lang='lat' dir='ltr'><strong>in</strong></span> <span class='ocrx_word' id='word_1_5' title='bbox 691 521 746 570; x_wconf 90' lang='lat' dir='ltr'><strong>nes</strong></span> <span class='ocrx_word' id='word_1_6' title='bbox 769 502 852 570; x_wconf 90' lang='lat' dir='ltr'><strong>enim</strong></span> <span class='ocrx_word' id='word_1_7' title='bbox 874 505 958 570; x_wconf 91' lang='lat' dir='ltr'><strong>omni</strong></span> <span class='ocrx_word' id='word_1_8' title='bbox 982 526 1018 572; x_wconf 83' lang='lat' dir='ltr'><strong>ex</strong></span> <span class='ocrx_word' id='word_1_9' title='bbox 1039 509 1127 590; x_wconf 88' lang='lat' dir='ltr'><strong>parto</strong></span> <span class='ocrx_word' id='word_1_10' title='bbox 1149 505 1196 574; x_wconf 86' lang='lat' dir='ltr'><strong>vis</strong></span> <span class='ocrx_word' id='word_1_11' title='bbox 1220 507 1339 574; x_wconf 89' lang='lat' dir='ltr'><strong>hostilis</strong></span> <span class='ocrx_word' id='word_1_12' title='bbox 1361 508 1430 574; x_wconf 89' lang='lat' dir='ltr'><strong>solos</strong></span> <span class='ocrx_word' id='word_1_13' title='bbox 1447 507 1482 574; x_wconf 90' lang='lat' dir='ltr'><strong>in·</strong></span> <span class='ocrx_word' id='word_1_14' title='bbox 1546 506 1552 545; x_wconf 85' lang='lat'><strong>¹</strong></span> 
     </span>
     <span class='ocr_line' id='line_1_3' title="bbox 269 619 1484 706; baseline 0.001 -21"><span class='ocrx_word' id='word_1_15' title='bbox 269 620 382 701; x_wconf 76' lang='lat' dir='ltr'><strong>cubuit,</strong></span> <span class='ocrx_word' id='word_1_16' title='bbox 406 639 475 686; x_wconf 92' lang='lat' dir='ltr'><strong>cum</strong></span> <span class='ocrx_word' id='word_1_17' title='bbox 498 639 558 686; x_wconf 90' lang='lat' dir='ltr'><strong>non</strong></span> <span class='ocrx_word' id='word_1_18' title='bbox 581 621 616 686; x_wconf 91' lang='lat' dir='ltr'><strong>ut</strong></span> <span class='ocrx_word' id='word_1_19' title='bbox 638 619 822 688; x_wconf 88' lang='lat' dir='ltr'><strong>debebamur</strong></span> <span class='ocrx_word' id='word_1_20' title='bbox 843 622 976 706; x_wconf 85' lang='lat' dir='ltr'><strong>proiecto</strong></span> <span class='ocrx_word' id='word_1_21' title='bbox 998 640 1017 688; x_wconf 88' lang='lat' dir='ltr'><strong>a</strong></span> <span class='ocrx_word' id='word_1_22' title='bbox 1035 623 1254 691; x_wconf 81' lang='lat' dir='ltr'><strong>confoederatis</strong></span> <span class='ocrx_word' id='word_1_23' title='bbox 1277 625 1378 704; x_wconf 64' lang='lat' dir='ltr'><strong>adiuti,</strong></span> <span class='ocrx_word' id='word_1_24' title='bbox 1398 625 1484 690; x_wconf 78' lang='lat' dir='ltr'><strong>nostris</strong></span> 
     </span>
     <span class='ocr_line' id='line_1_4' title="bbox 269 737 1484 826; baseline 0 -22"><span class='ocrx_word' id='word_1_25' title='bbox 269 737 405 804; x_wconf 84' lang='lat' dir='ltr'><strong>humeris</strong></span> <span class='ocrx_word' id='word_1_26' title='bbox 428 755 603 822; x_wconf 78' lang='lat' dir='ltr'><strong>cogeremur</strong></span> <span class='ocrx_word' id='word_1_27' title='bbox 625 756 714 805; x_wconf 89' lang='lat' dir='ltr'><strong>omne</strong></span> <span class='ocrx_word' id='word_1_28' title='bbox 736 737 853 822; x_wconf 85' lang='lat' dir='ltr'><strong>pondos</strong></span> <span class='ocrx_word' id='word_1_29' title='bbox 875 738 1014 823; x_wconf 80' lang='lat' dir='ltr'><strong>perferre,</strong></span> <span class='ocrx_word' id='word_1_30' title='bbox 1038 739 1082 805; x_wconf 86' lang='lat' dir='ltr'><strong>ita</strong></span> <span class='ocrx_word' id='word_1_31' title='bbox 1105 742 1136 806; x_wconf 90' lang='lat' dir='ltr'><strong>ot</strong></span> <span class='ocrx_word' id='word_1_32' title='bbox 1158 742 1273 808; x_wconf 88' lang='lat' dir='ltr'><strong>nostris</strong></span> <span class='ocrx_word' id='word_1_33' title='bbox 1295 741 1484 826; x_wconf 86' lang='lat' dir='ltr'><strong>etpopnloron</strong></span> 
     </span>
     <span class='ocr_line' id='line_1_5' title="bbox 270 854 1485 942; baseline 0.001 -21"><span class='ocrx_word' id='word_1_34' title='bbox 270 857 443 922; x_wconf 89' lang='lat' dir='ltr'><strong>nostrornm</strong></span> <span class='ocrx_word' id='word_1_35' title='bbox 466 854 651 939; x_wconf 80' lang='lat' dir='ltr'><strong>quotidianis</strong></span> <span class='ocrx_word' id='word_1_36' title='bbox 674 854 874 920; x_wconf 80' lang='lat' dir='ltr'><strong>incommodis</strong></span> <span class='ocrx_word' id='word_1_37' title='bbox 898 855 1091 922; x_wconf 70' lang='lat' dir='ltr'><strong>denimentis</strong></span> <span class='ocrx_word' id='word_1_38' title='bbox 1113 858 1306 942; x_wconf 89' lang='lat' dir='ltr'><strong>luctibusquo</strong></span> <span class='ocrx_word' id='word_1_39' title='bbox 1328 857 1424 935; x_wconf 75' lang='lat' dir='ltr'><strong>vexati,</strong></span> <span class='ocrx_word' id='word_1_40' title='bbox 1447 875 1485 922; x_wconf 79' lang='lat' dir='ltr'><strong>oa·</strong></span> 
     </span>
     <span class='ocr_line' id='line_1_6' title="bbox 270 971 1487 1058; baseline -0.003 -20"><span class='ocrx_word' id='word_1_41' title='bbox 270 971 459 1058; x_wconf 74' lang='lat' dir='ltr'><strong>pectavimm</strong></span> <span class='ocrx_word' id='word_1_42' title='bbox 481 971 625 1036; x_wconf 69' lang='lat' dir='ltr'><strong>ultanum</strong></span> <span class='ocrx_word' id='word_1_43' title='bbox 649 989 741 1056; x_wconf 90' lang='lat' dir='ltr'><strong>propo</strong></span> <span class='ocrx_word' id='word_1_44' title='bbox 763 971 936 1049; x_wconf 75' lang='lat' dir='ltr'><strong>discrimen,</strong></span> <span class='ocrx_word' id='word_1_45' title='bbox 966 971 1039 1037; x_wconf 93' lang='lat' dir='ltr'><strong>dnm</strong></span> <span class='ocrx_word' id='word_1_46' title='bbox 1063 973 1199 1040; x_wconf 91' lang='lat' dir='ltr'><strong>hostiurn</strong></span> <span class='ocrx_word' id='word_1_47' title='bbox 1222 975 1352 1042; x_wconf 83' lang='lat' dir='ltr'><strong>exercitu</strong></span> <span class='ocrx_word' id='word_1_48' title='bbox 1378 973 1487 1058; x_wconf 59' lang='lat' dir='ltr'><strong>ingnio</strong></span> 
     </span>
    </p>

    <p class='ocr_par' dir='ltr' id='par_1_3' title="bbox 269 1086 1554 3618">
     <span class='ocr_line' id='line_1_7' title="bbox 269 1086 1487 1180; baseline -0.007 -18"><span class='ocrx_word' id='word_1_49' title='bbox 269 1097 302 1162; x_wconf 91' lang='lat' dir='ltr'><strong>in</strong></span> <span class='ocrx_word' id='word_1_50' title='bbox 325 1096 486 1164; x_wconf 90' lang='lat' dir='ltr'><strong>Hetruriae</strong></span> <span class='ocrx_word' id='word_1_51' title='bbox 513 1096 699 1163; x_wconf 87' lang='lat' dir='ltr'><strong>invadendae</strong></span> <span class='ocrx_word' id='word_1_52' title='bbox 722 1095 812 1179; x_wconf 76' lang='lat' dir='ltr'><strong>viam,</strong></span> <span class='ocrx_word' id='word_1_53' title='bbox 842 1097 959 1180; x_wconf 88' lang='lat' dir='ltr'><strong>patriae</strong></span> <span class='ocrx_word' id='word_1_54' title='bbox 981 1098 1102 1162; x_wconf 91' lang='lat' dir='ltr'><strong>nostrae</strong></span> <span class='ocrx_word' id='word_1_55' title='bbox 1125 1097 1156 1160; x_wconf 89' lang='lat' dir='ltr'><strong>et</strong></span> <span class='ocrx_word' id='word_1_56' title='bbox 1178 1094 1274 1180; x_wconf 65' lang='lat' dir='ltr'><strong>omni⁸</strong></span> <span class='ocrx_word' id='word_1_57' title='bbox 1291 1090 1393 1157; x_wconf 87' lang='lat' dir='ltr'><strong>deinde</strong></span> <span class='ocrx_word' id='word_1_58' title='bbox 1416 1086 1487 1154; x_wconf 70' lang='lat' dir='ltr'><strong>utu</strong></span> 
     </span>
     <span class='ocr_line' id='line_1_8' title="bbox 270 1203 1488 1297; baseline -0.006 -17"><span class='ocrx_word' id='word_1_59' title='bbox 270 1213 475 1280; x_wconf 90' lang='lat' dir='ltr'><strong>ecclesiastico</strong></span> <span class='ocrx_word' id='word_1_60' title='bbox 505 1213 698 1280; x_wconf 84' lang='lat' dir='ltr'><strong>vehementer</strong></span> <span class='ocrx_word' id='word_1_61' title='bbox 728 1213 835 1280; x_wconf 86' lang='lat' dir='ltr'><strong>timere</strong></span> <span class='ocrx_word' id='word_1_62' title='bbox 864 1213 1009 1296; x_wconf 77' lang='lat' dir='ltr'><strong>cepimus,</strong></span> <span class='ocrx_word' id='word_1_63' title='bbox 1039 1214 1213 1297; x_wconf 88' lang='lat' dir='ltr'><strong>multasque</strong></span> <span class='ocrx_word' id='word_1_64' title='bbox 1237 1211 1369 1279; x_wconf 87' lang='lat' dir='ltr'><strong>vidimus</strong></span> <span class='ocrx_word' id='word_1_65' title='bbox 1388 1203 1488 1276; x_wconf 68' lang='lat' dir='ltr'><strong>auat</strong></span> 
     </span>
     <span class='ocr_line' id='line_1_9' title="bbox 271 1322 1489 1414; baseline -0.007 -19"><span class='ocrx_word' id='word_1_66' title='bbox 271 1329 442 1396; x_wconf 90' lang='lat' dir='ltr'><strong>timendum</strong></span> <span class='ocrx_word' id='word_1_67' title='bbox 458 1348 574 1409; x_wconf 74' lang='lat' dir='ltr'><strong>musas,</strong></span> <span class='ocrx_word' id='word_1_68' title='bbox 598 1329 637 1395; x_wconf 92' lang='lat' dir='ltr'><strong>ad</strong></span> <span class='ocrx_word' id='word_1_69' title='bbox 653 1329 835 1414; x_wconf 88' lang='lat' dir='ltr'><strong>sperandum</strong></span> <span class='ocrx_word' id='word_1_70' title='bbox 857 1330 920 1396; x_wconf 83' lang='lat' dir='ltr'><strong>iere</strong></span> <span class='ocrx_word' id='word_1_71' title='bbox 942 1330 1067 1396; x_wconf 88' lang='lat' dir='ltr'><strong>nullam.</strong></span> <span class='ocrx_word' id='word_1_72' title='bbox 1113 1329 1151 1396; x_wconf 88' lang='lat' dir='ltr'><strong>In</strong></span> <span class='ocrx_word' id='word_1_73' title='bbox 1173 1330 1255 1396; x_wconf 90' lang='lat' dir='ltr'><strong>huno</strong></span> <span class='ocrx_word' id='word_1_74' title='bbox 1276 1329 1375 1396; x_wconf 89' lang='lat' dir='ltr'><strong>locum</strong></span> <span class='ocrx_word' id='word_1_75' title='bbox 1394 1322 1489 1392; x_wconf 82' lang='lat' dir='ltr'><strong>addocti</strong></span> 
     </span>
     <span class='ocr_line' id='line_1_10' title="bbox 271 1439 1489 1532; baseline -0.007 -20"><span class='ocrx_word' id='word_1_76' title='bbox 271 1445 409 1512; x_wconf 91' lang='lat' dir='ltr'><strong>inducias</strong></span> <span class='ocrx_word' id='word_1_77' title='bbox 425 1465 493 1511; x_wconf 88' lang='lat' dir='ltr'><strong>cum</strong></span> <span class='ocrx_word' id='word_1_78' title='bbox 510 1446 659 1512; x_wconf 82' lang='lat' dir='ltr'><strong>caesareis</strong></span> <span class='ocrx_word' id='word_1_79' title='bbox 673 1445 800 1512; x_wconf 89' lang='lat' dir='ltr'><strong>ducibus</strong></span> <span class='ocrx_word' id='word_1_80' title='bbox 822 1446 854 1511; x_wconf 85' lang='lat' dir='ltr'><strong>ot</strong></span> <span class='ocrx_word' id='word_1_81' title='bbox 870 1446 1098 1532; x_wconf 86' lang='lat' dir='ltr'><strong>suspensionem</strong></span> <span class='ocrx_word' id='word_1_82' title='bbox 1115 1446 1189 1512; x_wconf 87' lang='lat' dir='ltr'><strong>belii</strong></span> <span class='ocrx_word' id='word_1_83' title='bbox 1203 1445 1390 1520; x_wconf 78' lang='lat' dir='ltr'><strong>admisimus</strong></span> <span class='ocrx_word' id='word_1_84' title='bbox 1411 1439 1489 1524; x_wconf 65' lang='lat' dir='ltr'><strong>aunis</strong></span> 
     </span>
     <span class='ocr_line' id='line_1_11' title="bbox 271 1561 1489 1646; baseline -0.002 -18"><span class='ocrx_word' id='word_1_85' title='bbox 271 1561 450 1646; x_wconf 88' lang='lat' dir='ltr'><strong>praesertim</strong></span> <span class='ocrx_word' id='word_1_86' title='bbox 474 1563 505 1629; x_wconf 86' lang='lat' dir='ltr'><strong>et</strong></span> <span class='ocrx_word' id='word_1_87' title='bbox 527 1563 663 1628; x_wconf 84' lang='lat' dir='ltr'><strong>honestis</strong></span> <span class='ocrx_word' id='word_1_88' title='bbox 691 1561 914 1628; x_wconf 89' lang='lat' dir='ltr'><strong>conditionibus</strong></span> <span class='ocrx_word' id='word_1_89' title='bbox 937 1562 1068 1640; x_wconf 82' lang='lat' dir='ltr'><strong>inritati,</strong></span> <span class='ocrx_word' id='word_1_90' title='bbox 1098 1582 1132 1628; x_wconf 88' lang='lat' dir='ltr'><strong>or</strong></span> <span class='ocrx_word' id='word_1_91' title='bbox 1156 1563 1267 1646; x_wconf 89' lang='lat' dir='ltr'><strong>quibus</strong></span> <span class='ocrx_word' id='word_1_92' title='bbox 1290 1562 1420 1628; x_wconf 86' lang='lat' dir='ltr'><strong>videmur</strong></span> <span class='ocrx_word' id='word_1_93' title='bbox 1438 1575 1489 1640; x_wconf 79' lang='lat' dir='ltr'><strong>pu·</strong></span> 
     </span>
     <span class='ocr_line' id='line_1_12' title="bbox 271 1677 1489 1763; baseline -0.007 -19"><span class='ocrx_word' id='word_1_94' title='bbox 271 1679 386 1763; x_wconf 90' lang='lat' dir='ltr'><strong>spicere</strong></span> <span class='ocrx_word' id='word_1_95' title='bbox 400 1680 476 1746; x_wconf 89' lang='lat' dir='ltr'><strong>bene</strong></span> <span class='ocrx_word' id='word_1_96' title='bbox 491 1680 665 1763; x_wconf 88' lang='lat' dir='ltr'><strong>promptam</strong></span> <span class='ocrx_word' id='word_1_97' title='bbox 688 1698 755 1745; x_wconf 88' lang='lat' dir='ltr'><strong>esso</strong></span> <span class='ocrx_word' id='word_1_98' title='bbox 770 1677 909 1745; x_wconf 82' lang='lat' dir='ltr'><strong>Caesaris</strong></span> <span class='ocrx_word' id='word_1_99' title='bbox 931 1679 971 1746; x_wconf 89' lang='lat' dir='ltr'><strong>ad</strong></span> <span class='ocrx_word' id='word_1_100' title='bbox 986 1698 1178 1746; x_wconf 90' lang='lat' dir='ltr'><strong>communem</strong></span> <span class='ocrx_word' id='word_1_101' title='bbox 1201 1698 1308 1763; x_wconf 85' lang='lat' dir='ltr'><strong>pacem</strong></span> <span class='ocrx_word' id='word_1_102' title='bbox 1323 1677 1489 1744; x_wconf 75' lang='lat' dir='ltr'><strong>vernoun</strong></span> 
     </span>
     <span class='ocr_line' id='line_1_13' title="bbox 271 1794 1491 1879; baseline -0.01 -18"><span class='ocrx_word' id='word_1_103' title='bbox 271 1794 329 1862; x_wconf 89' lang='lat' dir='ltr'><strong>Sed</strong></span> <span class='ocrx_word' id='word_1_104' title='bbox 352 1795 432 1879; x_wconf 89' lang='lat' dir='ltr'><strong>qnod</strong></span> <span class='ocrx_word' id='word_1_105' title='bbox 454 1813 509 1861; x_wconf 93' lang='lat' dir='ltr'><strong>nos</strong></span> <span class='ocrx_word' id='word_1_106' title='bbox 533 1814 653 1860; x_wconf 88' lang='lat' dir='ltr'><strong>summa</strong></span> <span class='ocrx_word' id='word_1_107' title='bbox 675 1795 841 1862; x_wconf 75' lang='lat' dir='ltr'><strong>necessitas</strong></span> <span class='ocrx_word' id='word_1_108' title='bbox 870 1797 906 1862; x_wconf 91' lang='lat' dir='ltr'><strong>ut</strong></span> <span class='ocrx_word' id='word_1_109' title='bbox 933 1797 1100 1863; x_wconf 85' lang='lat' dir='ltr'><strong>faceremus</strong></span> <span class='ocrx_word' id='word_1_110' title='bbox 1121 1796 1261 1879; x_wconf 74' lang='lat' dir='ltr'><strong>impulit,</strong></span> <span class='ocrx_word' id='word_1_111' title='bbox 1292 1795 1325 1861; x_wconf 92' lang='lat' dir='ltr'><strong>id</strong></span> <span class='ocrx_word' id='word_1_112' title='bbox 1347 1795 1491 1878; x_wconf 82' lang='lat' dir='ltr'><strong>optaramus</strong></span> 
     </span>
     <span class='ocr_line' id='line_1_14' title="bbox 269 1911 1491 1996; baseline -0.006 -18"><span class='ocrx_word' id='word_1_113' title='bbox 269 1911 410 1978; x_wconf 86' lang='lat' dir='ltr'><strong>omnibus</strong></span> <span class='ocrx_word' id='word_1_114' title='bbox 426 1912 540 1979; x_wconf 88' lang='lat' dir='ltr'><strong>nostris</strong></span> <span class='ocrx_word' id='word_1_115' title='bbox 555 1911 755 1978; x_wconf 80' lang='lat' dir='ltr'><strong>confederatis</strong></span> <span class='ocrx_word' id='word_1_116' title='bbox 778 1913 879 1979; x_wconf 87' lang='lat' dir='ltr'><strong>venire</strong></span> <span class='ocrx_word' id='word_1_117' title='bbox 894 1912 925 1978; x_wconf 90' lang='lat' dir='ltr'><strong>in</strong></span> <span class='ocrx_word' id='word_1_118' title='bbox 941 1913 1092 1991; x_wconf 84' lang='lat' dir='ltr'><strong>mentem,</strong></span> <span class='ocrx_word' id='word_1_119' title='bbox 1116 1915 1151 1978; x_wconf 89' lang='lat' dir='ltr'><strong>ut</strong></span> <span class='ocrx_word' id='word_1_120' title='bbox 1173 1913 1230 1978; x_wconf 91' lang='lat' dir='ltr'><strong>hac</strong></span> <span class='ocrx_word' id='word_1_121' title='bbox 1245 1913 1368 1996; x_wconf 85' lang='lat' dir='ltr'><strong>accepta</strong></span> <span class='ocrx_word' id='word_1_122' title='bbox 1389 1925 1491 1990; x_wconf 77' lang='lat' dir='ltr'><strong>maper-</strong></span> 
     </span>
     <span class='ocr_line' id='line_1_15' title="bbox 270 2021 1492 2113; baseline -0.006 -21"><span class='ocrx_word' id='word_1_123' title='bbox 270 2029 354 2096; x_wconf 86' lang='lat' dir='ltr'><strong>sione</strong></span> <span class='ocrx_word' id='word_1_124' title='bbox 376 2028 504 2096; x_wconf 88' lang='lat' dir='ltr'><strong>consilia</strong></span> <span class='ocrx_word' id='word_1_125' title='bbox 525 2029 695 2095; x_wconf 90' lang='lat' dir='ltr'><strong>communis</strong></span> <span class='ocrx_word' id='word_1_126' title='bbox 725 2029 808 2112; x_wconf 83' lang='lat' dir='ltr'><strong>pacis</strong></span> <span class='ocrx_word' id='word_1_127' title='bbox 831 2029 987 2109; x_wconf 83' lang='lat' dir='ltr'><strong>mirentur,</strong></span> <span class='ocrx_word' id='word_1_128' title='bbox 1018 2029 1057 2095; x_wconf 90' lang='lat' dir='ltr'><strong>ad</strong></span> <span class='ocrx_word' id='word_1_129' title='bbox 1079 2048 1172 2113; x_wconf 88' lang='lat' dir='ltr'><strong>qnam</strong></span> <span class='ocrx_word' id='word_1_130' title='bbox 1194 2027 1384 2094; x_wconf 84' lang='lat' dir='ltr'><strong>tractandam</strong></span> <span class='ocrx_word' id='word_1_131' title='bbox 1405 2029 1431 2090; x_wconf 86' lang='lat' dir='ltr'><strong>et</strong></span> <span class='ocrx_word' id='word_1_132' title='bbox 1449 2021 1492 2086; x_wconf 86' lang='lat' dir='ltr'><strong>to·</strong></span> 
     </span>
     <span class='ocr_line' id='line_1_16' title="bbox 269 2143 1491 2230; baseline -0.005 -21"><span class='ocrx_word' id='word_1_133' title='bbox 269 2145 455 2212; x_wconf 86' lang='lat' dir='ltr'><strong>nostissimis</strong></span> <span class='ocrx_word' id='word_1_134' title='bbox 479 2145 616 2211; x_wconf 91' lang='lat' dir='ltr'><strong>omnium</strong></span> <span class='ocrx_word' id='word_1_135' title='bbox 639 2143 862 2212; x_wconf 89' lang='lat' dir='ltr'><strong>conditionibus</strong></span> <span class='ocrx_word' id='word_1_136' title='bbox 884 2145 1104 2230; x_wconf 88' lang='lat' dir='ltr'><strong>procurandam</strong></span> <span class='ocrx_word' id='word_1_137' title='bbox 1120 2165 1175 2211; x_wconf 94' lang='lat' dir='ltr'><strong>nos</strong></span> <span class='ocrx_word' id='word_1_138' title='bbox 1198 2163 1359 2229; x_wconf 89' lang='lat' dir='ltr'><strong>porsonam</strong></span> <span class='ocrx_word' id='word_1_139' title='bbox 1382 2143 1491 2208; x_wconf 77' lang='lat' dir='ltr'><strong>nostru</strong></span> 
     </span>
     <span class='ocr_line' id='line_1_17' title="bbox 270 2253 1492 2345; baseline -0.005 -19"><span class='ocrx_word' id='word_1_140' title='bbox 270 2261 334 2326; x_wconf 91' lang='lat' dir='ltr'><strong>met</strong></span> <span class='ocrx_word' id='word_1_141' title='bbox 355 2257 394 2326; x_wconf 85' lang='lat' dir='ltr'><strong>od</strong></span> <span class='ocrx_word' id='word_1_142' title='bbox 416 2279 539 2327; x_wconf 93' lang='lat' dir='ltr'><strong>omnem</strong></span> <span class='ocrx_word' id='word_1_143' title='bbox 566 2261 685 2327; x_wconf 88' lang='lat' dir='ltr'><strong>itineris</strong></span> <span class='ocrx_word' id='word_1_144' title='bbox 708 2262 912 2328; x_wconf 82' lang='lat' dir='ltr'><strong>attrectandi</strong></span> <span class='ocrx_word' id='word_1_145' title='bbox 941 2262 1077 2328; x_wconf 87' lang='lat' dir='ltr'><strong>latorem</strong></span> <span class='ocrx_word' id='word_1_146' title='bbox 1106 2281 1252 2345; x_wconf 88' lang='lat' dir='ltr'><strong>exponere</strong></span> <span class='ocrx_word' id='word_1_147' title='bbox 1276 2279 1381 2326; x_wconf 86' lang='lat' dir='ltr'><strong>sumas</strong></span> <span class='ocrx_word' id='word_1_148' title='bbox 1407 2253 1492 2341; x_wconf 82' lang='lat' dir='ltr'><strong>parati</strong></span> 
     </span>
     <span class='ocr_line' id='line_1_18' title="bbox 269 2369 1554 2460; baseline -0.006 -17"><span class='ocrx_word' id='word_1_149' title='bbox 269 2374 369 2455; x_wconf 85' lang='lat' dir='ltr'><strong>Quam</strong></span> <span class='ocrx_word' id='word_1_150' title='bbox 391 2378 529 2443; x_wconf 87' lang='lat' dir='ltr'><strong>nostram</strong></span> <span class='ocrx_word' id='word_1_151' title='bbox 551 2377 687 2444; x_wconf 85' lang='lat' dir='ltr'><strong>mentam</strong></span> <span class='ocrx_word' id='word_1_152' title='bbox 709 2379 744 2443; x_wconf 90' lang='lat' dir='ltr'><strong>nt</strong></span> <span class='ocrx_word' id='word_1_153' title='bbox 766 2379 873 2444; x_wconf 66' lang='lat' dir='ltr'><strong>nob.teo</strong></span> <span class='ocrx_word' id='word_1_154' title='bbox 896 2379 957 2455; x_wconf 77' lang='lat' dir='ltr'><strong>tua,</strong></span> <span class='ocrx_word' id='word_1_155' title='bbox 981 2377 1067 2443; x_wconf 88' lang='lat' dir='ltr'><strong>cuins</strong></span> <span class='ocrx_word' id='word_1_156' title='bbox 1082 2377 1190 2443; x_wconf 86' lang='lat' dir='ltr'><strong>virtuti</strong></span> <span class='ocrx_word' id='word_1_157' title='bbox 1212 2379 1244 2443; x_wconf 89' lang='lat' dir='ltr'><strong>et</strong></span> <span class='ocrx_word' id='word_1_158' title='bbox 1259 2375 1404 2460; x_wconf 83' lang='lat' dir='ltr'><strong>aequitati</strong></span> <span class='ocrx_word' id='word_1_159' title='bbox 1417 2369 1493 2457; x_wconf 87' lang='lat' dir='ltr'><strong>pluri·</strong></span> <span class='ocrx_word' id='word_1_160' title='bbox 1553 2371 1554 2423; x_wconf 78' lang='lat' dir='ltr'><strong>i</strong></span> 
     </span>
     <span class='ocr_line' id='line_1_19' title="bbox 269 2487 1493 2578; baseline 0 -22"><span class='ocrx_word' id='word_1_161' title='bbox 269 2512 356 2558; x_wconf 90' lang='lat' dir='ltr'><strong>rnum</strong></span> <span class='ocrx_word' id='word_1_162' title='bbox 370 2492 542 2569; x_wconf 79' lang='lat' dir='ltr'><strong>tribuimus,</strong></span> <span class='ocrx_word' id='word_1_163' title='bbox 558 2493 671 2576; x_wconf 89' lang='lat' dir='ltr'><strong>etipsa</strong></span> <span class='ocrx_word' id='word_1_164' title='bbox 693 2495 838 2578; x_wconf 78' lang='lat' dir='ltr'><strong>agnoscat</strong></span> <span class='ocrx_word' id='word_1_165' title='bbox 853 2494 884 2558; x_wconf 85' lang='lat' dir='ltr'><strong>et</strong></span> <span class='ocrx_word' id='word_1_166' title='bbox 899 2493 951 2559; x_wconf 90' lang='lat' dir='ltr'><strong>ubi</strong></span> <span class='ocrx_word' id='word_1_167' title='bbox 966 2511 1041 2577; x_wconf 91' lang='lat' dir='ltr'><strong>epus</strong></span> <span class='ocrx_word' id='word_1_168' title='bbox 1056 2511 1123 2559; x_wconf 87' lang='lat' dir='ltr'><strong>csse</strong></span> <span class='ocrx_word' id='word_1_169' title='bbox 1137 2491 1248 2559; x_wconf 84' lang='lat' dir='ltr'><strong>viderit</strong></span> <span class='ocrx_word' id='word_1_170' title='bbox 1269 2493 1384 2558; x_wconf 89' lang='lat' dir='ltr'><strong>ineam</strong></span> <span class='ocrx_word' id='word_1_171' title='bbox 1400 2487 1493 2574; x_wconf 67' lang='lat' dir='ltr'><strong>partam</strong></span> 
     </span>
     <span class='ocr_line' id='line_1_20' title="bbox 269 2605 1553 2693; baseline -0.002 -22"><span class='ocrx_word' id='word_1_172' title='bbox 269 2607 483 2691; x_wconf 86' lang='lat' dir='ltr'><strong>interpretetur</strong></span> <span class='ocrx_word' id='word_1_173' title='bbox 497 2608 530 2674; x_wconf 93' lang='lat' dir='ltr'><strong>in</strong></span> <span class='ocrx_word' id='word_1_174' title='bbox 546 2627 638 2691; x_wconf 89' lang='lat' dir='ltr'><strong>quam</strong></span> <span class='ocrx_word' id='word_1_175' title='bbox 661 2611 708 2675; x_wconf 88' lang='lat' dir='ltr'><strong>est</strong></span> <span class='ocrx_word' id='word_1_176' title='bbox 730 2628 748 2674; x_wconf 86' lang='lat' dir='ltr'><strong>a</strong></span> <span class='ocrx_word' id='word_1_177' title='bbox 769 2609 858 2675; x_wconf 91' lang='lat' dir='ltr'><strong>nobis</strong></span> <span class='ocrx_word' id='word_1_178' title='bbox 882 2610 1022 2693; x_wconf 88' lang='lat' dir='ltr'><strong>suscepta</strong></span> <span class='ocrx_word' id='word_1_179' title='bbox 1044 2610 1238 2678; x_wconf 85' lang='lat' dir='ltr'><strong>uehementer</strong></span> <span class='ocrx_word' id='word_1_180' title='bbox 1253 2608 1378 2674; x_wconf 88' lang='lat' dir='ltr'><strong>eandem</strong></span> <span class='ocrx_word' id='word_1_181' title='bbox 1401 2605 1494 2672; x_wconf 68' lang='lat' dir='ltr'><strong>nob.te</strong></span> <span class='ocrx_word' id='word_1_182' title='bbox 1552 2607 1553 2622; x_wconf 63' lang='lat'>¹</span> 
     </span>
     <span class='ocr_line' id='line_1_21' title="bbox 270 2719 1494 2809; baseline -0.005 -21"><span class='ocrx_word' id='word_1_183' title='bbox 270 2724 355 2789; x_wconf 87' lang='lat' dir='ltr'><strong>tuam</strong></span> <span class='ocrx_word' id='word_1_184' title='bbox 379 2723 583 2790; x_wconf 89' lang='lat' dir='ltr'><strong>adhortamur.</strong></span> <span class='ocrx_word' id='word_1_185' title='bbox 630 2723 780 2790; x_wconf 78' lang='lat' dir='ltr'><strong>Nouimus</strong></span> <span class='ocrx_word' id='word_1_186' title='bbox 810 2724 882 2809; x_wconf 87' lang='lat' dir='ltr'><strong>quid</strong></span> <span class='ocrx_word' id='word_1_187' title='bbox 905 2725 1005 2809; x_wconf 83' lang='lat' dir='ltr'><strong>possis</strong></span> <span class='ocrx_word' id='word_1_188' title='bbox 1028 2725 1215 2803; x_wconf 70' lang='lat' dir='ltr'><strong>aurunco,</strong></span> <span class='ocrx_word' id='word_1_189' title='bbox 1246 2725 1393 2808; x_wconf 89' lang='lat' dir='ltr'><strong>quantum</strong></span> <span class='ocrx_word' id='word_1_190' title='bbox 1414 2719 1494 2785; x_wconf 76' lang='lat' dir='ltr'><strong>vales</strong></span> 
     </span>
     <span class='ocr_line' id='line_1_22' title="bbox 269 2839 1494 2925; baseline -0.002 -21"><span class='ocrx_word' id='word_1_191' title='bbox 269 2839 438 2922; x_wconf 88' lang='lat' dir='ltr'><strong>prudentia.</strong></span> <span class='ocrx_word' id='word_1_192' title='bbox 484 2839 517 2906; x_wconf 84' lang='lat' dir='ltr'><strong>Si</strong></span> <span class='ocrx_word' id='word_1_193' title='bbox 533 2859 588 2906; x_wconf 86' lang='lat' dir='ltr'><strong>nos</strong></span> <span class='ocrx_word' id='word_1_194' title='bbox 611 2840 727 2924; x_wconf 88' lang='lat' dir='ltr'><strong>optimo</strong></span> <span class='ocrx_word' id='word_1_195' title='bbox 750 2841 852 2906; x_wconf 88' lang='lat' dir='ltr'><strong>animo</strong></span> <span class='ocrx_word' id='word_1_196' title='bbox 871 2841 978 2907; x_wconf 67' lang='lat' dir='ltr'><strong>‘omnia</strong></span> <span class='ocrx_word' id='word_1_197' title='bbox 992 2841 1053 2906; x_wconf 87' lang='lat' dir='ltr'><strong>ista</strong></span> <span class='ocrx_word' id='word_1_198' title='bbox 1076 2841 1204 2925; x_wconf 74' lang='lat' dir='ltr'><strong>egimus,</strong></span> <span class='ocrx_word' id='word_1_199' title='bbox 1230 2839 1257 2905; x_wconf 92' lang='lat' dir='ltr'><strong>si</strong></span> <span class='ocrx_word' id='word_1_200' title='bbox 1280 2841 1311 2905; x_wconf 89' lang='lat' dir='ltr'><strong>et</strong></span> <span class='ocrx_word' id='word_1_201' title='bbox 1326 2839 1395 2906; x_wconf 85' lang='lat' dir='ltr'><strong>finis</strong></span> <span class='ocrx_word' id='word_1_202' title='bbox 1415 2839 1494 2902; x_wconf 71' lang='lat' dir='ltr'><strong>rectus</strong></span> 
     </span>
     <span class='ocr_line' id='line_1_23' title="bbox 269 2953 1494 3040; baseline -0.003 -20"><span class='ocrx_word' id='word_1_203' title='bbox 269 2957 317 3020; x_wconf 89' lang='lat' dir='ltr'><strong>est</strong></span> <span class='ocrx_word' id='word_1_204' title='bbox 338 2957 370 3022; x_wconf 89' lang='lat' dir='ltr'><strong>et</strong></span> <span class='ocrx_word' id='word_1_205' title='bbox 392 2975 483 3022; x_wconf 83' lang='lat' dir='ltr'><strong>causa</strong></span> <span class='ocrx_word' id='word_1_206' title='bbox 498 2956 600 3022; x_wconf 84' lang='lat' dir='ltr'><strong>extitit</strong></span> <span class='ocrx_word' id='word_1_207' title='bbox 622 2957 801 3036; x_wconf 83' lang='lat' dir='ltr'><strong>necessaria,</strong></span> <span class='ocrx_word' id='word_1_208' title='bbox 824 2957 910 3023; x_wconf 87' lang='lat' dir='ltr'><strong>decet</strong></span> <span class='ocrx_word' id='word_1_209' title='bbox 930 2958 1048 3023; x_wconf 70' lang='lat' dir='ltr'><strong>nob.tam</strong></span> <span class='ocrx_word' id='word_1_210' title='bbox 1064 2959 1150 3022; x_wconf 86' lang='lat' dir='ltr'><strong>tuam</strong></span> <span class='ocrx_word' id='word_1_211' title='bbox 1173 2957 1307 3040; x_wconf 89' lang='lat' dir='ltr'><strong>accipere</strong></span> <span class='ocrx_word' id='word_1_212' title='bbox 1322 2955 1355 3021; x_wconf 94' lang='lat' dir='ltr'><strong>in</strong></span> <span class='ocrx_word' id='word_1_213' title='bbox 1370 2953 1494 3038; x_wconf 84' lang='lat' dir='ltr'><strong>optimam</strong></span> 
     </span>
     <span class='ocr_line' id='line_1_24' title="bbox 269 3061 1552 3156; baseline -0.006 -19"><span class='ocrx_word' id='word_1_214' title='bbox 269 3071 418 3138; x_wconf 89' lang='lat' dir='ltr'><strong>rationem</strong></span> <span class='ocrx_word' id='word_1_215' title='bbox 441 3090 517 3155; x_wconf 86' lang='lat' dir='ltr'><strong>quoe</strong></span> <span class='ocrx_word' id='word_1_216' title='bbox 539 3071 712 3138; x_wconf 86' lang='lat' dir='ltr'><strong>iustissima</strong></span> <span class='ocrx_word' id='word_1_217' title='bbox 728 3073 844 3138; x_wconf 89' lang='lat' dir='ltr'><strong>ratione</strong></span> <span class='ocrx_word' id='word_1_218' title='bbox 867 3072 948 3138; x_wconf 85' lang='lat' dir='ltr'><strong>facta</strong></span> <span class='ocrx_word' id='word_1_219' title='bbox 972 3075 1051 3149; x_wconf 80' lang='lat' dir='ltr'><strong>sunt</strong></span> <span class='ocrx_word' id='word_1_220' title='bbox 1075 3074 1165 3156; x_wconf 85' lang='lat' dir='ltr'><strong>atque</strong></span> <span class='ocrx_word' id='word_1_221' title='bbox 1180 3071 1225 3136; x_wconf 87' lang='lat' dir='ltr'><strong>ita</strong></span> <span class='ocrx_word' id='word_1_222' title='bbox 1248 3069 1418 3155; x_wconf 86' lang='lat' dir='ltr'><strong>accipienda</strong></span> <span class='ocrx_word' id='word_1_223' title='bbox 1433 3061 1494 3148; x_wconf 88' lang='lat' dir='ltr'><strong>apud</strong></span> <span class='ocrx_word' id='word_1_224' title='bbox 1551 3097 1552 3102; x_wconf 60' lang='lat'><em>=</em></span> 
     </span>
     <span class='ocr_line' id='line_1_25' title="bbox 269 3179 1495 3272; baseline -0.012 -18"><span class='ocrx_word' id='word_1_225' title='bbox 269 3189 383 3254; x_wconf 84' lang='lat' dir='ltr'><strong>ceteros</strong></span> <span class='ocrx_word' id='word_1_226' title='bbox 412 3205 518 3254; x_wconf 90' lang='lat' dir='ltr'><strong>omnes</strong></span> <span class='ocrx_word' id='word_1_227' title='bbox 547 3207 713 3272; x_wconf 89' lang='lat' dir='ltr'><strong>procurare.</strong></span> <span class='ocrx_word' id='word_1_228' title='bbox 759 3188 797 3252; x_wconf 94' lang='lat' dir='ltr'><strong>In</strong></span> <span class='ocrx_word' id='word_1_229' title='bbox 826 3199 885 3272; x_wconf 88' lang='lat' dir='ltr'><strong>qno</strong></span> <span class='ocrx_word' id='word_1_230' title='bbox 915 3206 1003 3271; x_wconf 91' lang='lat' dir='ltr'><strong>opere</strong></span> <span class='ocrx_word' id='word_1_231' title='bbox 1031 3187 1199 3271; x_wconf 82' lang='lat' dir='ltr'><strong>plurimum</strong></span> <span class='ocrx_word' id='word_1_232' title='bbox 1229 3187 1260 3251; x_wconf 90' lang='lat' dir='ltr'><strong>et</strong></span> <span class='ocrx_word' id='word_1_233' title='bbox 1289 3186 1350 3252; x_wconf 89' lang='lat' dir='ltr'><strong>sibi</strong></span> <span class='ocrx_word' id='word_1_234' title='bbox 1371 3187 1401 3250; x_wconf 86' lang='lat' dir='ltr'><strong>ot</strong></span> <span class='ocrx_word' id='word_1_235' title='bbox 1426 3179 1495 3248; x_wconf 79' lang='lat' dir='ltr'><strong>noti</strong></span> 
     </span>
     <span class='ocr_line' id='line_1_26' title="bbox 270 3295 1496 3388; baseline -0.009 -18"><span class='ocrx_word' id='word_1_236' title='bbox 270 3305 392 3388; x_wconf 87' lang='lat' dir='ltr'><strong>Deoque</strong></span> <span class='ocrx_word' id='word_1_237' title='bbox 415 3303 507 3369; x_wconf 89' lang='lat' dir='ltr'><strong>simul</strong></span> <span class='ocrx_word' id='word_1_238' title='bbox 529 3323 565 3369; x_wconf 91' lang='lat' dir='ltr'><strong>ac</strong></span> <span class='ocrx_word' id='word_1_239' title='bbox 586 3303 709 3370; x_wconf 86' lang='lat' dir='ltr'><strong>veritati</strong></span> <span class='ocrx_word' id='word_1_240' title='bbox 725 3303 919 3369; x_wconf 79' lang='lat' dir='ltr'><strong>satisfactura</strong></span> <span class='ocrx_word' id='word_1_241' title='bbox 942 3305 998 3368; x_wconf 88' lang='lat' dir='ltr'><strong>est.</strong></span> <span class='ocrx_word' id='word_1_242' title='bbox 1045 3301 1130 3368; x_wconf 87' lang='lat' dir='ltr'><strong>Sicut</strong></span> <span class='ocrx_word' id='word_1_243' title='bbox 1145 3303 1238 3368; x_wconf 89' lang='lat' dir='ltr'><strong>latius</strong></span> <span class='ocrx_word' id='word_1_244' title='bbox 1262 3321 1333 3368; x_wconf 88' lang='lat' dir='ltr'><strong>cum</strong></span> <span class='ocrx_word' id='word_1_245' title='bbox 1348 3320 1382 3368; x_wconf 92' lang='lat' dir='ltr'><strong>ea</strong></span> <span class='ocrx_word' id='word_1_246' title='bbox 1404 3295 1496 3364; x_wconf 78' lang='lat' dir='ltr'><strong>nostri</strong></span> 
     </span>
     <span class='ocr_line' id='line_1_27' title="bbox 269 3413 1496 3502; baseline -0.005 -18"><span class='ocrx_word' id='word_1_247' title='bbox 269 3418 369 3484; x_wconf 85' lang='lat' dir='ltr'><strong>verbis</strong></span> <span class='ocrx_word' id='word_1_248' title='bbox 391 3417 473 3484; x_wconf 92' lang='lat' dir='ltr'><strong>idern</strong></span> <span class='ocrx_word' id='word_1_249' title='bbox 496 3418 622 3484; x_wconf 86' lang='lat' dir='ltr'><strong>nuntius</strong></span> <span class='ocrx_word' id='word_1_250' title='bbox 649 3419 751 3485; x_wconf 90' lang='lat' dir='ltr'><strong>noster</strong></span> <span class='ocrx_word' id='word_1_251' title='bbox 773 3420 845 3502; x_wconf 85' lang='lat' dir='ltr'><strong>aget</strong></span> <span class='ocrx_word' id='word_1_252' title='bbox 867 3417 916 3484; x_wconf 93' lang='lat' dir='ltr'><strong>oui</strong></span> <span class='ocrx_word' id='word_1_253' title='bbox 937 3417 993 3484; x_wconf 88' lang='lat' dir='ltr'><strong>illa</strong></span> <span class='ocrx_word' id='word_1_254' title='bbox 1015 3417 1107 3483; x_wconf 89' lang='lat' dir='ltr'><strong>tidem</strong></span> <span class='ocrx_word' id='word_1_255' title='bbox 1137 3416 1270 3483; x_wconf 87' lang='lat' dir='ltr'><strong>habebit.</strong></span> <span class='ocrx_word' id='word_1_256' title='bbox 1316 3417 1427 3482; x_wconf 86' lang='lat' dir='ltr'><strong>Datum</strong></span> <span class='ocrx_word' id='word_1_257' title='bbox 1446 3413 1496 3477; x_wconf 87' lang='lat' dir='ltr'><strong>Ro·</strong></span> 
     </span>
     <span class='ocr_line' id='line_1_28' title="bbox 269 3533 1173 3618; baseline 0.001 -19"><span class='ocrx_word' id='word_1_258' title='bbox 269 3551 337 3599; x_wconf 91' lang='lat' dir='ltr'><strong>mae</strong></span> <span class='ocrx_word' id='word_1_259' title='bbox 359 3534 414 3600; x_wconf 87' lang='lat' dir='ltr'><strong>etc.</strong></span> <span class='ocrx_word' id='word_1_260' title='bbox 437 3533 487 3600; x_wconf 91' lang='lat' dir='ltr'><strong>die</strong></span> <span class='ocrx_word' id='word_1_261' title='bbox 509 3533 609 3600; x_wconf 84' lang='lat' dir='ltr'><strong>xxviii</strong></span> <span class='ocrx_word' id='word_1_262' title='bbox 632 3533 738 3600; x_wconf 82' lang='lat' dir='ltr'><strong>Martii</strong></span> <span class='ocrx_word' id='word_1_263' title='bbox 760 3533 902 3599; x_wconf 85' lang='lat' dir='ltr'><strong>mdrrvii.</strong></span> <span class='ocrx_word' id='word_1_264' title='bbox 947 3533 1035 3600; x_wconf 85' lang='lat' dir='ltr'><strong>Anno</strong></span> <span class='ocrx_word' id='word_1_265' title='bbox 1059 3535 1173 3618; x_wconf 89' lang='lat' dir='ltr'><strong>quarto.</strong></span> 
     </span>
    </p>
   </div>
   <div class='ocr_carea' id='block_1_3' title="bbox 269 3691 1498 4010">
    <p class='ocr_par' dir='ltr' id='par_1_4' title="bbox 269 3691 1498 4010">
     <span class='ocr_line' id='line_1_29' title="bbox 358 3691 1498 3808; baseline -0.011 -48"><span class='ocrx_word' id='word_1_266' title='bbox 358 3692 486 3808; x_wconf 75' lang='lat' dir='ltr'><strong>Caesari.</strong></span> <span class='ocrx_word' id='word_1_267' title='bbox 504 3732 546 3743; x_wconf 90' lang='lat'><strong>—·</strong></span> <span class='ocrx_word' id='word_1_268' title='bbox 562 3695 621 3761; x_wconf 91' lang='lat' dir='ltr'><strong>Pro</strong></span> <span class='ocrx_word' id='word_1_269' title='bbox 644 3695 804 3761; x_wconf 80' lang='lat' dir='ltr'><strong>Francisco</strong></span> <span class='ocrx_word' id='word_1_270' title='bbox 827 3695 966 3780; x_wconf 88' lang='lat' dir='ltr'><strong>episcopo</strong></span> <span class='ocrx_word' id='word_1_271' title='bbox 982 3693 1192 3760; x_wconf 88' lang='lat' dir='ltr'><strong>Salamantino</strong></span> <span class='ocrx_word' id='word_1_272' title='bbox 1214 3693 1247 3759; x_wconf 93' lang='lat' dir='ltr'><strong>in</strong></span> <span class='ocrx_word' id='word_1_273' title='bbox 1270 3693 1355 3760; x_wconf 90' lang='lat' dir='ltr'><strong>curia</strong></span> <span class='ocrx_word' id='word_1_274' title='bbox 1376 3691 1498 3776; x_wconf 79' lang='lat' dir='ltr'><strong>degente:</strong></span> 
     </span>
     <span class='ocr_line' id='line_1_30' title="bbox 270 3807 1498 3896; baseline -0.011 -21"><span class='ocrx_word' id='word_1_275' title='bbox 270 3813 303 3875; x_wconf 88' lang='lat' dir='ltr'><strong>ut</strong></span> <span class='ocrx_word' id='word_1_276' title='bbox 325 3829 396 3876; x_wconf 91' lang='lat' dir='ltr'><strong>cnm</strong></span> <span class='ocrx_word' id='word_1_277' title='bbox 409 3809 443 3875; x_wconf 93' lang='lat' dir='ltr'><strong>in</strong></span> <span class='ocrx_word' id='word_1_278' title='bbox 467 3829 553 3876; x_wconf 89' lang='lat' dir='ltr'><strong>suam</strong></span> <span class='ocrx_word' id='word_1_279' title='bbox 569 3811 703 3894; x_wconf 82' lang='lat' dir='ltr'><strong>gratiam</strong></span> <span class='ocrx_word' id='word_1_280' title='bbox 725 3811 851 3894; x_wconf 88' lang='lat' dir='ltr'><strong>recipiat</strong></span> <span class='ocrx_word' id='word_1_281' title='bbox 874 3811 959 3896; x_wconf 87' lang='lat' dir='ltr'><strong>eique</strong></span> <span class='ocrx_word' id='word_1_282' title='bbox 982 3809 1098 3876; x_wconf 83' lang='lat' dir='ltr'><strong>fructus</strong></span> <span class='ocrx_word' id='word_1_283' title='bbox 1114 3809 1257 3876; x_wconf 86' lang='lat' dir='ltr'><strong>ecclesiae</strong></span> <span class='ocrx_word' id='word_1_284' title='bbox 1281 3829 1353 3876; x_wconf 91' lang='lat' dir='ltr'><strong>suae</strong></span> <span class='ocrx_word' id='word_1_285' title='bbox 1369 3807 1498 3874; x_wconf 85' lang='lat' dir='ltr'><strong>restituat.</strong></span> 
     </span>
     <span class='ocr_line' id='line_1_31' title="bbox 269 3925 1093 4010; baseline -0.001 -19"><span class='ocrx_word' id='word_1_286' title='bbox 269 3963 313 3972; x_wconf 92' lang='lat'>-</span> <span class='ocrx_word' id='word_1_287' title='bbox 335 3925 450 3991; x_wconf 89' lang='lat' dir='ltr'><strong>Romae</strong></span> <span class='ocrx_word' id='word_1_288' title='bbox 473 3944 517 3991; x_wconf 86' lang='lat' dir='ltr'><strong>rr.</strong></span> <span class='ocrx_word' id='word_1_289' title='bbox 542 3925 657 4009; x_wconf 77' lang='lat' dir='ltr'><strong>Aprilis</strong></span> <span class='ocrx_word' id='word_1_290' title='bbox 680 3925 822 3992; x_wconf 82' lang='lat' dir='ltr'><strong>mdrxrii.</strong></span> <span class='ocrx_word' id='word_1_291' title='bbox 867 3925 955 3992; x_wconf 77' lang='lat' dir='ltr'><strong>Anno</strong></span> <span class='ocrx_word' id='word_1_292' title='bbox 978 3927 1093 4010; x_wconf 85' lang='lat' dir='ltr'><strong>quarto.</strong></span> 
     </span>
    </p>
   </div>
   <div class='ocr_carea' id='block_1_4' title="bbox 271 4105 1550 4542">
    <p class='ocr_par' dir='ltr' id='par_1_5' title="bbox 271 4105 1550 4542">
     <span class='ocr_line' id='line_1_32' title="bbox 357 4105 1550 4196; baseline -0.01 -18"><span class='ocrx_word' id='word_1_293' title='bbox 357 4111 471 4179; x_wconf 89' lang='lat' dir='ltr'><strong>Joanni</strong></span> <span class='ocrx_word' id='word_1_294' title='bbox 493 4111 631 4179; x_wconf 85' lang='lat' dir='ltr'><strong>Mattheo</strong></span> <span class='ocrx_word' id='word_1_295' title='bbox 660 4113 799 4196; x_wconf 85' lang='lat' dir='ltr'><strong>episcopo</strong></span> <span class='ocrx_word' id='word_1_296' title='bbox 823 4113 997 4180; x_wconf 89' lang='lat' dir='ltr'><strong>Veronensi</strong></span> <span class='ocrx_word' id='word_1_297' title='bbox 1028 4149 1072 4160; x_wconf 85' lang='lat'>-</span> <span class='ocrx_word' id='word_1_298' title='bbox 1103 4111 1270 4178; x_wconf 57' lang='lat' dir='ltr'><strong>&amp;nstituit</strong></span> <span class='ocrx_word' id='word_1_299' title='bbox 1293 4129 1364 4176; x_wconf 86' lang='lat' dir='ltr'><strong>eum</strong></span> <span class='ocrx_word' id='word_1_300' title='bbox 1385 4105 1499 4194; x_wconf 80' lang='lat' dir='ltr'><strong>pontiiu</strong></span> <span class='ocrx_word' id='word_1_301' title='bbox 1549 4165 1550 4178; x_wconf 63' lang='grc'>,</span> 
     </span>
     <span class='ocr_line' id='line_1_33' title="bbox 271 4217 1499 4312; baseline -0.004 -21"><span class='ocrx_word' id='word_1_302' title='bbox 271 4245 359 4292; x_wconf 89' lang='lat' dir='ltr'><strong>snum</strong></span> <span class='ocrx_word' id='word_1_303' title='bbox 376 4245 410 4291; x_wconf 92' lang='lat' dir='ltr'><strong>ac</strong></span> <span class='ocrx_word' id='word_1_304' title='bbox 420 4225 507 4292; x_wconf 85' lang='lat' dir='ltr'><strong>Sedis</strong></span> <span class='ocrx_word' id='word_1_305' title='bbox 523 4227 705 4310; x_wconf 88' lang='lat' dir='ltr'><strong>apostolicae</strong></span> <span class='ocrx_word' id='word_1_306' title='bbox 720 4226 863 4292; x_wconf 87' lang='lat' dir='ltr'><strong>nuntium</strong></span> <span class='ocrx_word' id='word_1_307' title='bbox 877 4226 961 4311; x_wconf 87' lang='lat' dir='ltr'><strong>pacis</strong></span> <span class='ocrx_word' id='word_1_308' title='bbox 976 4227 1153 4293; x_wconf 86' lang='lat' dir='ltr'><strong>tractandae</strong></span> <span class='ocrx_word' id='word_1_309' title='bbox 1167 4217 1271 4312; x_wconf 83' lang='lat' dir='ltr'><strong>gratia</strong></span> <span class='ocrx_word' id='word_1_310' title='bbox 1283 4227 1323 4292; x_wconf 86' lang='lat' dir='ltr'><strong>ad</strong></span> <span class='ocrx_word' id='word_1_311' title='bbox 1338 4223 1499 4292; x_wconf 60' lang='lat' dir='ltr'><strong>christianos</strong></span> 
     </span>
     <span class='ocr_line' id='line_1_34' title="bbox 272 4334 1500 4426; baseline -0.001 -22"><span class='ocrx_word' id='word_1_312' title='bbox 272 4341 303 4404; x_wconf 90' lang='lat' dir='ltr'><strong>et</strong></span> <span class='ocrx_word' id='word_1_313' title='bbox 325 4339 402 4405; x_wconf 90' lang='lat' dir='ltr'><strong>alios</strong></span> <span class='ocrx_word' id='word_1_314' title='bbox 424 4339 584 4424; x_wconf 87' lang='lat' dir='ltr'><strong>principes,</strong></span> <span class='ocrx_word' id='word_1_315' title='bbox 611 4341 791 4426; x_wconf 87' lang='lat' dir='ltr'><strong>praesertim</strong></span> <span class='ocrx_word' id='word_1_316' title='bbox 814 4341 853 4407; x_wconf 90' lang='lat' dir='ltr'><strong>ad</strong></span> <span class='ocrx_word' id='word_1_317' title='bbox 875 4340 1016 4407; x_wconf 82' lang='lat' dir='ltr'><strong>Carolum</strong></span> <span class='ocrx_word' id='word_1_318' title='bbox 1045 4342 1128 4426; x_wconf 86' lang='lat' dir='ltr'><strong>imp,</strong></span> <span class='ocrx_word' id='word_1_319' title='bbox 1156 4343 1352 4408; x_wconf 70' lang='lat' dir='ltr'><strong>amaracum</strong></span> <span class='ocrx_word' id='word_1_320' title='bbox 1376 4334 1500 4407; x_wconf 75' lang='lat' dir='ltr'><strong>Fannia</strong></span> 
     </span>
     <span class='ocr_line' id='line_1_35' title="bbox 273 4451 1500 4542; baseline 0.004 -28"><span class='ocrx_word' id='word_1_321' title='bbox 273 4453 304 4514; x_wconf 92' lang='lat' dir='ltr'><strong>ot</strong></span> <span class='ocrx_word' id='word_1_322' title='bbox 318 4451 483 4517; x_wconf 85' lang='lat' dir='ltr'><strong>Henricum</strong></span> <span class='ocrx_word' id='word_1_323' title='bbox 500 4452 630 4536; x_wconf 72' lang='lat' dir='ltr'><strong>angliae</strong></span> <span class='ocrx_word' id='word_1_324' title='bbox 644 4473 737 4538; x_wconf 77' lang='lat' dir='ltr'><strong>rogos.</strong></span> <span class='ocrx_word' id='word_1_325' title='bbox 749 4493 792 4502; x_wconf 91' lang='lat'>-</span> <span class='ocrx_word' id='word_1_326' title='bbox 802 4457 917 4521; x_wconf 85' lang='lat' dir='ltr'><strong>Rornae</strong></span> <span class='ocrx_word' id='word_1_327' title='bbox 930 4455 988 4521; x_wconf 87' lang='lat' dir='ltr'><strong>rvi.</strong></span> <span class='ocrx_word' id='word_1_328' title='bbox 998 4457 1114 4540; x_wconf 83' lang='lat' dir='ltr'><strong>Aprilis</strong></span> <span class='ocrx_word' id='word_1_329' title='bbox 1130 4457 1272 4524; x_wconf 85' lang='lat' dir='ltr'><strong>mdrrrii</strong></span> <span class='ocrx_word' id='word_1_330' title='bbox 1300 4457 1390 4524; x_wconf 78' lang='lat' dir='ltr'><strong>Anno</strong></span> <span class='ocrx_word' id='word_1_331' title='bbox 1404 4453 1500 4542; x_wconf 72' lang='lat' dir='ltr'><strong>quart).</strong></span> 
     </span>
    </p>
   </div>
   <div class='ocr_carea' id='block_1_5' title="bbox 0 0 1570 4908">
    <p class='ocr_par' dir='ltr' id='par_1_6' title="bbox 0 0 1570 4908">
     <span class='ocr_line' id='line_1_36' title="bbox 0 0 1570 4908; baseline 0 0"><span class='ocrx_word' id='word_1_332' title='bbox 0 0 1570 4908; x_wconf 95' lang='lat' dir='ltr'><strong> </strong></span> 
     </span>
    </p>
   </div>
  </div>
 </body>
</html>
