3128 4908
551 287 796 366 ..243-

66 485 153 558 menia
178 484 215 556 ed
244 504 406 576 porsonam
435 491 573 556 nostram
604 491 653 578 rel
682 487 851 558 neonem
889 485 937 556 vel
965 482 1180 576 captivandam
1207 503 1296 576 proo-

66 625 189 690 properos
210 607 359 672 adrolare.
401 603 466 685 Quo
481 607 566 674 motu
582 606 701 672 subacti
723 605 866 672 continuo
888 603 927 672 od
949 624 1050 675 arcem
1066 603 1172 672 Sancti
1184 607 1298 692 ringolf

66 740 111 788 nos
131 723 300 807 recepimus,
327 723 419 806 atquo
439 721 497 800 illi,
519 723 605 788 motu
626 720 808 806 longissimo
831 721 974 799 confecto,
996 739 1065 788 cum
1089 722 1121 788 in
1144 723 1297 808 palacium

66 837 210 918 romunt,
231 841 322 922 atque
343 836 389 902 ibi
410 854 571 920 personam
594 838 732 903 nostram
754 854 815 902 non
837 836 1034 917 invenissent,
1057 837 1096 904 ad
1118 838 1224 906 coedes
1246 838 1295 906 di·

66 953 254 1037 reptionesque
277 951 415 1018 conversi
437 953 517 1018 sunt
563 951 629 1032 Quo
651 951 685 1018 in
708 953 878 1036 spectaculo
894 953 999 1018 acerbo
1023 955 1054 1018 et
1068 954 1201 1040 lugubri,
1224 954 1297 1039 quid

66 1067 189 1151 estquod
209 1086 263 1151 pro
279 1067 455 1134 calamitate
469 1067 550 1134 tanti
572 1066 649 1132 mali
664 1067 793 1134 seribere
816 1068 887 1150 apte
901 1073 1085 1152 possumus?
1109 1068 1186 1136 Cum
1200 1069 1297 1136 oculis

66 1183 162 1248 nocuis
183 1183 354 1249 rideremus
382 1183 457 1269 rapi,
487 1182 577 1262 trabi,
607 1181 679 1248 ferri
708 1183 811 1248 omnia
838 1187 902 1248 tam
933 1203 1019 1248 sacra
1047 1203 1140 1270 quam
1161 1185 1296 1270 profana,

65 1315 218 1382 quanquam
240 1298 274 1364 in
296 1297 446 1364 eiusmodi
467 1298 532 1364 loco
547 1297 622 1382 quid
643 1298 743 1382 potuit
765 1316 831 1364 csse
854 1299 1037 1382 profanum?
1060 1318 1131 1366 cum
1145 1300 1296 1384 templum

64 1411 129 1477 illud
149 1417 287 1480 sanctum
308 1417 340 1480 et
362 1413 534 1480 venerabile
556 1414 637 1478 beati
660 1413 753 1492 Petri,
775 1413 855 1497 quod
877 1416 977 1498 caput,
1000 1414 1079 1498 quod
1096 1413 1295 1496 domicilium,

64 1527 131 1610 quod
149 1528 381 1594 fundamentum
403 1528 586 1594 christianae
615 1528 772 1614 religionis
796 1546 915 1612 semper
937 1528 1078 1596 habitum
1100 1532 1157 1611 est,
1179 1529 1294 1615 Hispo·

64 1661 157 1709 nornm
183 1648 214 1710 et
244 1645 375 1710 aliorum
404 1644 458 1730 qui
485 1664 555 1710 cum
584 1644 648 1710 illis
679 1645 766 1710 erant
795 1645 937 1710 nunibus
966 1645 1101 1714 cruentis
1124 1644 1295 1712 videremus

62 1757 148 1844 diripi,
168 1779 236 1826 aras
258 1761 407 1846 sauguine
428 1760 534 1838 fedari,
556 1759 659 1826 omnia
675 1778 828 1826 sacrorum
850 1760 1022 1828 ministeria
1043 1761 1175 1828 distrahi
1196 1763 1227 1828 et
1244 1760 1294 1828 di-

62 1873 165 1956 broieri,
186 1895 241 1944 noc
262 1895 325 1942 non
353 1876 513 1960 antiquum
537 1876 703 1942 sacrarium
724 1876 758 1940 in
780 1876 905 1960 palacio,
927 1876 962 1943 in
983 1895 1042 1962 quo
1064 1895 1130 1943 rem
1158 1876 1295 1944 divinam

61 1995 188 2075 perpetro
201 1994 335 2060 Romani
355 1993 513 2078 pontifices
529 1993 679 2059 celebrare
703 1992 787 2058 soliti
809 1995 904 2073 erant,
926 1993 971 2059 ita
986 1993 1070 2058 cultu
1092 1994 1124 2060 eb
1137 1993 1294 2080 apparati-

61 2107 109 2172 bus
128 2111 266 2174 ornatum
280 2111 316 2174 ut
337 2110 440 2175 tamen
463 2109 496 2174 in
511 2126 546 2174 eo
567 2109 638 2192 plus
655 2107 841 2175 reverentiae
863 2110 894 2174 et
910 2107 1083 2174 sanctiatis
1098 2127 1192 2194 quam
1213 2108 1293 2176 divi-

61 2223 159 2290 tiarum
180 2227 270 2302 esset,
292 2224 434 2290 omnibus
456 2224 644 2290 ornamentis
673 2224 758 2289 nullo
782 2224 971 2290 sacramento
993 2223 1152 2310 religionis
1174 2223 1293 2309 cupidi·

61 2343 142 2406 tatem
163 2341 343 2420 retardante
367 2340 499 2406 vidimus
515 2340 688 2424 spoliatum,
711 2339 879 2424 quibusque
894 2340 1019 2424 templis
1041 2343 1073 2405 et
1088 2340 1182 2406 moris
1204 2339 1294 2406 rebus

59 2473 141 2540 nuuc
169 2455 353 2522 Gotthorum
382 2455 535 2540 quondam
564 2455 658 2522 nimis
687 2454 767 2521 forae
796 2457 930 2533 mentes,
959 2473 1056 2540 neque
1086 2455 1295 2522 vandalorum

59 2569 166 2638 tltristo
195 2591 257 2639 non
278 2573 452 2657 parentium
481 2570 647 2638 infidelitas
675 2589 746 2637 cum
767 2571 801 2636 in
829 2572 903 2638 hoec
925 2570 1030 2637 eadem
1052 2571 1119 2637 loce
1148 2572 1294 2638 barbarae

59 2685 119 2754 illae
138 2691 244 2774 gentes
266 2707 320 2772 per
342 2687 406 2754 vim
434 2687 621 2754 invasissent
643 2687 740 2752 ullam
762 2687 916 2765 iniuriam,
946 2687 1045 2752 ullum
1074 2686 1292 2753 detrimentum

59 2805 166 2886 emptor
186 2803 387 2871 reverentiam
403 2803 577 2870 sanctitatis
599 2804 783 2878 attulerunt;
805 2803 912 2881 nostri,
928 2801 1044 2868 Christi
1065 2803 1222 2872 nomenoi
1239 2819 1291 2868 ca·

59 2919 213 2988 nctborem
226 2919 438 3004 praeferentes,
453 2921 573 2985 nullmn
587 2920 620 2984 in
634 2919 753 3004 partem
768 2937 933 3002 pepercere,
949 2918 994 2984 eis
1009 2917 1188 2984 ducentibus
1203 2918 1295 3002 atquo

60 3033 247 3116 hortantibus,
277 3053 353 3118 quos
374 3035 507 3101 mammo
536 3035 702 3122 aegreferre
735 3037 800 3100 tam
828 3037 914 3099 atrox
941 3033 1087 3099 delictum
1115 3034 1147 3099 ot
1174 3031 1293 3100 fecicum

60 3153 208 3234 oportebat
232 3149 298 3216 Nec
312 3150 363 3216 hie
377 3151 502 3216 illorum
515 3151 694 3218 immanitas
710 3149 857 3230 constitit,
881 3149 933 3216 sed
949 3148 1188 3215 discursionibus
1203 3147 1294 3214 factis

60 3283 117 3334 oum
138 3267 287 3352 plmimae
309 3267 417 3332 domus
432 3266 560 3352 praedae
583 3266 714 3332 fussent
728 3265 824 3344 datae,
847 3283 976 3348 cumque
993 3263 1071 3328 olias
1093 3262 1196 3346 plures
1211 3261 1294 3328 idem

59 3381 230 3450 incommodi
252 3401 394 3449 sensuras
416 3401 614 3462 cerneremus,
636 3382 682 3448 itu
704 3380 804 3446 dolore
827 3381 901 3446 victi
923 3383 955 3445 et
976 3379 1109 3444 afflictae
1123 3377 1208 3444 urbis
1231 3377 1292 3448 ni-

61 3497 207 3566 serioordia
228 3499 331 3564 affecti
351 3497 475 3576 fuimus,
498 3500 533 3562 ut
555 3497 657 3582 potius
679 3496 718 3562 ad
740 3495 927 3562 conditiones
950 3493 1098 3574 devenire,
1121 3511 1214 3578 quem
1229 3495 1294 3556 tam

62 3616 188 3682 acerbum
205 3615 414 3698 spectaculum
429 3614 544 3678 diutius
560 3613 673 3678 intueri
689 3612 916 3692 sustineremus,
931 3628 1045 3696 magna
1060 3608 1296 3696 quidomnostra

61 3733 86 3792 tt
101 3728 223 3798 Sandae
237 3729 327 3798 Sedis
349 3731 531 3814 apostolicae
546 3729 746 3814 indignitate;
769 3727 822 3792 sod
838 3727 874 3793 de
897 3726 1015 3792 duobus
1030 3725 1173 3792 maximis
1195 3723 1296 3804 malis,

62 3845 129 3927 quod
148 3849 251 3916 minus
273 3848 392 3912 malum
414 3847 473 3912 fuit
488 3845 629 3912 duximus
653 3844 835 3932 eligendum.
881 3843 988 3926 ltaque
1010 3841 1049 3907 ad
1063 3841 1218 3926 pactiones
1241 3839 1295 3905 de-

63 3961 229 4044 scendimus,
252 3967 287 4030 ut
301 3963 444 4048 ubiuque
459 3981 545 4028 arma
559 3961 593 4026 in
608 3960 699 4026 ltalia
723 3959 984 4043 suspenderentur,
1008 3956 1088 4043 quod
1102 3975 1157 4022 uos
1174 3954 1297 4042 quidem

62 4075 116 4144 itm
128 4079 202 4147 uelle
216 4081 315 4150 facere
330 4079 484 4146 fuemmus
498 4077 642 4162 professi;
666 4077 719 4142 sed
733 4093 865 4160 magnus
880 4077 985 4140 tamon
1005 4075 1040 4141 in
1054 4092 1088 4140 oo
1103 4071 1195 4153 dolor,
1218 4071 1298 4158 quod

63 4195 203 4264 uoluntate
224 4196 421 4274 faciebamus,
443 4195 476 4262 id
498 4214 551 4278 por
575 4194 638 4260 rim
661 4194 757 4260 facere
781 4190 885 4271 videri,
908 4192 944 4256 ut
965 4189 1010 4256 eis
1032 4188 1174 4256 omnibus
1197 4187 1250 4272 qui
1264 4187 1299 4252 in

63 4329 92 4378 eo
111 4313 222 4382 insultu
244 4315 350 4381 contra
371 4331 428 4378 nos
450 4315 482 4379 et
496 4311 605 4378 Sadem
628 4309 826 4396 apostolicam
849 4308 1083 4394 ignoswemus,
1106 4302 1298 4390 quodetiam

63 4432 259 4512 mersimus
282 4429 455 4498 conditione
470 4427 617 4516 appositu,
640 4445 732 4514 quom
756 4427 860 4492 tamm
874 4421 1078 4490 conditionem
1099 4437 1154 4598 zio
1169 4419 1218 4510 illi
1233 4438 1297 4486 sor·

286 4529 289 4536 ’
1081 4529 1099 4598 1
