3192 4930
1339 325 1370 392 V

146 523 243 610 15252)
274 526 354 606 dato,
383 524 549 592 mirificum
577 524 767 610 eloquentiae
795 527 827 591 et
850 523 1116 610 magnanimitatis
1144 525 1369 610 argumentum.

144 641 236 707 Verum
257 659 472 725 saepenumero
494 640 675 706 hortabatur
697 637 838 706 Clemens
868 640 1083 724 imperatorem
1106 639 1145 706 ad
1167 659 1256 724 opem
1278 638 1369 706 Chri·

140 757 237 822 stianae
251 755 435 841 reipublicae
451 755 622 832 terendam
638 759 673 821 ut
689 756 804 822 iactum
820 759 875 834 ost,
891 775 987 840 quum
1002 754 1177 822 imminenti
1193 755 1369 839 Hungariao

139 871 293 939 miniato
324 870 590 938 vehementissimo
620 873 803 948 commotus,
833 871 939 955 quinto
969 871 1037 938 idus
1066 871 1152 937 Febr.
1176 871 1249 936 anui
1275 871 1368 948 1526,

137 1007 204 1062 eum,
224 1005 313 1072 qnam
336 987 455 1054 faedam
484 985 672 1071 ignominiae
694 988 799 1052 notam
822 987 948 1064 subiret,
978 987 1004 1050 si
1027 1005 1220 1052 ‹nmmunem
1250 986 1368 1052 hostem

135 1103 193 1186 plus
206 1101 314 1168 uirium
335 1121 453 1168 sumere
469 1104 632 1186 patoretur,
655 1101 738 1167 hisce
753 1101 854 1168 verbis
877 1101 1049 1168 admonuit:
1074 1103 1186 1180 ,Quae
1202 1101 1367 1188 (Christia-

135 1236 229 1284 nomm
250 1217 356 1302 salus),
378 1221 408 1282 ai
429 1217 486 1281 illo
508 1218 625 1303 inclyto
647 1222 775 1282 natmne
798 1221 929 1294 emisset,
953 1239 1070 1282 monce
1094 1227 1122 1282 et
1144 1219 1258 1282 mutilo
1273 1221 1368 1303 sacto

126 1337 225 1419 fuerit,
247 1336 478 1419 deson-motoque
501 1355 635 1420 empore,
659 1336 741 1398 bono
764 1337 859 1398 etiem
882 1343 990 1398 notum
1014 1343 1086 1398 taor
1109 1338 1222 1398 comete
1245 1333 1369 1398 caenob

132 1452 278 1526 tensuit,
306 1459 351 1524 nt,
382 1459 409 1512 te
438 1470 534 1532 nepae
562 1451 641 1514 colec
663 1452 796 1534 menta
824 1459 853 1514 et
882 1449 1097 1534 praepollente,
1129 1452 1370 1514 immanissimis

129 1575 226 1630 tomen
240 1567 376 1629 beatitas
394 1566 523 1650 prodita
546 1575 575 1630 et
589 1568 705 1630 abacto
719 1569 824 1651 suieee
838 1567 998 1642 videntum
1021 1568 1096 1649 putot
1111 1575 1147 1642 te,
1170 1587 1369 1648 quermoniae,

129 1703 191 1766 epea
213 1689 294 1756 heae,
318 1682 394 1763 qnid
416 1683 593 1766 imperium,
616 1683 691 1764 qaid
705 1685 851 1746 υἰοίονίαα
874 1685 1013 1766 ineipnee
1035 1684 1230 1746 adiuuabant
1252 1683 1296 1746 ad
1318 1684 1369 1745 di-

126 1797 270 1861 loendum
301 1796 462 1861 mumdum
494 1801 632 1862 nominis
664 1799 730 1860 boi?
783 1799 890 1876 Quom
920 1799 965 1862 od
994 1799 1103 1862 Deum
1134 1800 1370 1882 omnipotetem

125 1933 252 1978 comem
276 1915 419 1976 dietatem
442 1915 514 1976 eoi‘
528 1913 554 1998 ²)

208 2025 329 2107 Quanto
351 2029 454 2092 autem
470 2027 583 2106 robore,
606 2029 778 2112 quantinus
793 2027 890 2094 animi
912 2027 1058 2094 firmitate
1080 2028 1211 2094 eluceret
1229 2025 1369 2094 Clemens

120 2146 151 2210 in
166 2141 362 2210 defendendis
385 2142 581 2227 tutandisque
605 2142 756 2209 Ecclesiae
779 2143 895 2209 iuribus
919 2146 1023 2208 contra
1045 2143 1288 2228 praepotentium
1311 2161 1368 2208 au-

119 2259 246 2338 daciam,
270 2259 356 2342 patet
378 2277 412 2323 ox
428 2257 550 2338 littoris,
573 2276 648 2342 quas
664 2257 771 2324 Carolo
794 2257 917 2343 scripsit
939 2260 977 2324 ob
997 2262 1154 2344 sumptum
1177 2258 1213 2325 de
1229 2259 1368 2344 episcopo

117 2374 296 2442 zamorensi
318 2372 542 2460 suppliciumi)
573 2373 666 2440 Porro
682 2393 838 2441 summum
860 2373 894 2440 in
909 2393 943 2440 eo
958 2374 1053 2442 fuisso
1075 2375 1212 2442 iustitiae
1235 2393 1370 2442 amorem

116 2508 332 2574 summamque
361 2508 414 2573 pro
444 2488 543 2556 adulo
573 2507 608 2556 ac
630 2489 772 2555 libertato
795 2491 904 2556 ltaliae
933 2509 1038 2556 curam
1061 2491 1093 2556 at
1122 2489 1370 2571 sollicitudinem,

114 2625 222 2672 omnes
237 2607 392 2672 testantur
406 2605 552 2689 epistolae
574 2605 655 2672 tanti
670 2605 837 2689 pontilicis;
860 2624 936 2690 quas
950 2605 1031 2672 inter
1052 2605 1115 2686 illa,
1131 2606 1231 2672 brevis
1247 2605 1370 2690 quidem

113 2723 165 2789 sed
188 2721 387 2808 grauissima,
411 2719 464 2786 ubi
478 2719 620 2786 Catulum
643 2721 829 2800 obsecrabat
852 2721 899 2786 uti
920 2721 1059 2806 publicae
1082 2721 1176 2787 saluti
1199 2721 1370 2806 provideret
1450 2749 1457 2774 ι

113 2861 248 2923 ,mm
271 2839 379 2922 aequis
401 2839 628 2901 conditionibus
650 2837 870 2922 amplectendo,
893 2847 922 2902 et
944 2839 1136 2902 continendis
1158 2859 1291 2902 ennam
1314 2863 1368 2902 ιιι-

106 2956 300 3038 pedientibus
321 2975 361 3018 oc
375 2956 504 3018 intortio
525 2956 614 3017 intro
630 2952 732 3036 lepram
754 2962 784 3016 et
797 2956 963 3036 aequitatis
976 2957 1079 3038 finest
1103 2971 1226 3036 operam
1242 2952 1368 3038 derebt)

109 3069 293 3154 patientiae,
316 3087 375 3153 qua
398 3068 529 3135 nimium
553 3065 678 3134 Carolus
708 3067 898 3146 abutebatur,
927 3067 1139 3134 testimonium
1162 3069 1210 3135 est
1232 3069 1369 3134 luculen-

108 3187 284 3252 tissimum.
299 3183 483 3250 Iamdudum
499 3202 629 3267 namquo
639 3182 778 3248 Clemens
788 3201 857 3250 eum
873 3184 966 3263 enixa
983 3182 1035 3248 sed
1051 3181 1173 3260 frustra,
1191 3182 1369 3249 adhortatus

105 3305 184 3380 orat,
211 3303 251 3366 ut
273 3300 312 3365 ab
335 3299 503 3366 aulicorum
526 3297 697 3364 ueterrimis
725 3298 862 3364 consiliis
885 3317 921 3364 ac
942 3298 1220 3366 machinationibus
1243 3301 1369 3378 caveret,

105 3417 344 3500 studueratque,
366 3417 401 3480 ut
416 3415 443 3480 is
466 3415 498 3480 et
511 3414 604 3480 ceteri
618 3415 754 3498 Europae
777 3432 872 3498 reges,
895 3415 1075 3480 consonatis
1098 3414 1201 3494 armis,
1225 3414 1369 3480 scedasi-

103 3551 197 3597 mum
224 3529 470 3596 Christianorum
499 3530 619 3595 hostem
648 3529 826 3595 invaderent
847 3510 883 3596 ac
905 3529 1109 3614 profligarent
1156 3527 1312 3614 Siquidem
1335 3549 1370 3596 ea

102 3648 233 3726 aetate,
261 3647 315 3731 qui
345 3662 464 3712 summo
494 3644 679 3729 magistratu
708 3647 882 3729 praeerant,
912 3644 1048 3710 exitiosis
1070 3644 1312 3710 dissensionibus
1335 3665 1370 3712 ao

100 3759 278 3828 discordiis
300 3761 420 3846 agitati,
447 3760 527 3827 inter
550 3780 582 3827 se
605 3760 806 3838 dimicabant,
835 3761 866 3826 ot
888 3759 1078 3826 Christianae
1106 3759 1276 3844 provincias
1300 3779 1368 3826 om·

99 3877 202 3944 nibus
229 3875 393 3963 praesidiis
417 3876 580 3942 destitutas
603 3877 729 3942 arbitrio
752 3875 888 3943 hostium
911 3869 1138 3960 permittebant,
1161 3893 1236 3959 quas
1258 3875 1369 3942 idcirco

98 4011 188 4058 unus
214 3995 377 4062 Romanus
400 3991 534 4077 pontifex
557 3993 683 4058 curabat
705 3991 840 4076 pecunia,
863 3991 967 4070 armis,
990 3991 1142 4057 militibus
1157 3991 1368 4058 communien-

98 4105 171 4175 das.
226 4110 294 4176 Hoc
317 4127 390 4175 sane
412 4111 594 4192 apparator
617 4108 754 4192 epistola,
784 4125 877 4192 quam
900 4105 1039 4173 Clemens
1067 4107 1105 4172 ad
1130 4106 1211 4172 viros
1234 4107 1369 4191 Europae

207 4379 230 4436 ι)
251 4379 307 4429 noa
327 4379 385 4440 roa,
403 4393 457 4440 pn.
478 4378 537 4428 nau.
589 4373 610 4445 ¹)
630 4377 686 4431 noo.
706 4379 765 4437 roa,
782 4377 824 4426 ro.
843 4378 903 4426 215.
954 4372 1049 4439 pon.
1072 4375 1188 4436 1uo‚rn.
1208 4377 1257 4426 aas
1278 4379 1303 4426 o
1320 4389 1369 4438 seq.

201 4473 229 4540 ⁴)
251 4478 306 4528 noe
327 4476 524 4536 1ne,cr.aaa.
