3192 4930
792 277 1013 344 ,58-

271 475 381 543 Sedem
406 473 605 559 apostolicam
622 475 652 540 et
667 473 762 538 totius
785 471 1018 538 christianitatis
1035 472 1147 538 bonum
1163 471 1416 550 concernentibus
1427 490 1501 536 man·

270 591 412 657 derimus
437 593 472 655 ut
494 609 564 654 cum
587 589 750 654 serenitate
765 591 818 654 tua
841 588 989 673 quaedam
1003 589 1107 652 nostro
1129 587 1251 653 nomine
1274 587 1502 653 communicaret:

269 707 429 772 hortamur
453 705 581 770 eandem
610 705 804 770 nobilitatem
827 706 914 770 tuam
936 706 971 770 ut
992 723 1063 770 eum
1085 703 1189 770 cudha
1218 703 1350 789 benigne
1372 705 1402 769 et
1421 701 1501 768 eidem

270 821 363 886 fidem
387 819 594 886 indubitatam
618 821 728 888 habere
752 820 827 887 velit
850 818 936 906 etc.¹)

872 1056 924 1120 41.

714 1203 871 1274 Reginae
893 1193 1082 1279 Angliaw)

359 1337 526 1402 Carissima
548 1339 604 1402 eto.
651 1337 794 1402 Misimus
817 1336 962 1403 dilectum
992 1336 1091 1402 fflium
1120 1336 1167 1402 Jo.
1191 1334 1346 1402 Casalium
1375 1335 1502 1402 nuncium

267 1455 298 1518 et
321 1453 475 1518 noterium
505 1454 644 1518 nostrum
667 1451 706 1516 ad
735 1453 831 1518 istum
854 1472 958 1536 regem
986 1451 1225 1518 mrichssimum
1248 1452 1408 1536 coniugem
1429 1453 1502 1516 tuun
1582 1499 1587 1532 p

267 1587 322 1652 pro
351 1569 442 1634 rebus
473 1567 672 1632 christianam
702 1567 794 1634 fidem
825 1569 856 1632 et
884 1568 1105 1650 rempublicam
1129 1565 1296 1651 Sedemque
1324 1566 1502 1650 apostolicam
1586 1661 1587 1670 ἵ

267 1683 525 1761 concementibus
549 1683 598 1748 oui
612 1683 826 1750 mandarimus
849 1684 883 1747 ut
906 1701 975 1748 eum
992 1682 1153 1748 serenitate
1175 1685 1229 1747 tua
1247 1682 1396 1766 quaedam
1416 1683 1504 1748 nostro

268 1797 391 1863 nomine
406 1798 659 1874 communicaret3
682 1797 840 1863 hortamur
856 1801 928 1863 stau
952 1799 1039 1862 tuam
1056 1798 1090 1863 in
1104 1796 1236 1863 Domino
1255 1799 1290 1862 ut
1305 1817 1376 1862 eum
1390 1796 1504 1878 benigue
1581 1770 1586 1801 ⁵

265 1912 370 1978 audire
404 1911 555 1996 iidemque
583 1915 649 1978 tarn
679 1913 726 1978 illi
755 1933 848 1997 quam
877 1913 986 1980 dilecto
1022 1913 1098 1979 item
1127 1913 1190 1979 filio
1219 1911 1380 1978 Melchiori
1408 1911 1502 1978 nuncio

263 2026 335 2092 istic
359 2029 463 2093 nostro
486 2028 597 2094 habere
619 2028 702 2094 velit.
741 2028 858 2094 Datum
873 2029 987 2096 Romae
1010 2027 1059 2094 die
1082 2048 1108 2094 r.
1124 2028 1265 2094 Januarii
1279 2028 1398 2094 mdxxr.
1429 2027 1504 2092 Anno
1582 2025 1587 2045 ·’

266 2141 404 2208 secundo.

866 2354 918 2418 42.

628 2499 912 2573 archispiscopo
936 2491 1151 2578 capuano.³)

355 2633 453 2700 venir
476 2633 577 2699 frater.
612 2633 689 2700 Cum
711 2654 766 2718 pro
789 2635 994 2719 componenda
1017 2636 1048 2699 et
1062 2633 1249 2719 procuranda
1271 2633 1352 2700 inter
1366 2633 1508 2718 principes

269 2747 453 2813 christianos
475 2767 556 2833 pace,
581 2769 673 2833 quarn
695 2750 745 2815 his
762 2750 885 2815 afflictis
908 2752 939 2815 et
961 2749 1149 2815 calamitosis
1172 2749 1311 2833 precipue
1333 2747 1509 2833 temporibus

267 2863 451 2928 christianae
467 2865 652 2946 periclitanti
671 2865 852 2948 reipublicae
861 2865 993 2931 maxime
1009 2865 1210 2932 necessariam
1226 2885 1293 2930 esse
1307 2863 1510 2948 intelligimus,

268 2979 300 3042 et
322 2996 377 3042 nos
400 2997 509 3062 graves
532 2997 619 3045 ouras
651 2981 871 3064 susceperimus
894 2983 926 3046 et
947 2982 982 3045 tu
1005 2999 1134 3064 magnos
1162 2981 1296 3058 labores,
1325 2980 1447 3064 iamque
1466 2978 1510 3043 ni-

268 3091 365 3157 mium
389 3093 441 3159 diu
464 3095 598 3160 abfueris
621 3114 640 3160 a
654 3096 751 3174 nobis,
775 3097 828 3180 qui
850 3099 904 3161 tua
919 3095 979 3161 lide
994 3096 1154 3178 prudentia
1168 3097 1347 3180 integritate
1369 3096 1404 3162 in
1418 3093 1510 3160 mari·

267 3207 328 3272 mis
344 3208 456 3272 nostrie
479 3210 569 3274 rebus
584 3211 767 3294 indigemus,
791 3213 953 3294 postquam
969 3231 1022 3294 per
1036 3231 1092 3277 nos
1108 3211 1210 3276 omnia
1233 3213 1314 3277 facta
1328 3214 1360 3277 et
1374 3211 1512 3277 mandata

266 3342 319 3406 per
341 3325 371 3388 te
394 3324 610 3390 administrata
634 3329 705 3391 sunt
721 3346 796 3411 quae
820 3327 858 3392 ad
881 3346 1040 3392 commune
1055 3328 1172 3392 bonum
1187 3326 1426 3394 christianitatis
1449 3343 1512 3410 per·

267 3438 400 3503 tineent:
424 3440 543 3522 quaesi
565 3459 626 3505 non
649 3444 683 3506 ut
697 3443 874 3508 volebamus
898 3443 1033 3508 confecta
1049 3443 1128 3520 sunt
1152 3443 1210 3508 Dei
1232 3443 1295 3508 iam
1314 3442 1515 3526 prouidentiae
1588 3507 1589 3516 ,

267 3554 298 3618 et
313 3553 444 3619 bonitati
467 3557 539 3620 sunt
553 3555 807 3634 commendanda3
831 3558 1014 3641 precipimus
1037 3557 1222 3623 fraternitati
1236 3560 1307 3622 tuae
1329 3561 1373 3636 ut,
1389 3556 1515 3640 acceptis

267 3667 316 3732 his
339 3669 452 3734 litteris
482 3671 604 3748 nostris,
634 3672 673 3736 ad
695 3691 750 3737 nos
774 3673 1000 3756 quamprimum
1024 3675 1054 3738 te
1077 3673 1197 3750 referas,
1227 3693 1297 3738 oum
1324 3674 1403 3739 bona
1434 3671 1515 3737 venia

266 3787 371 3848 tamen
387 3785 418 3848 et
433 3785 589 3852 voluntate
612 3785 663 3852 dil.
679 3788 713 3852 in
728 3786 849 3852 Christo
872 3788 952 3853 tiliae
968 3789 1080 3854 nobilis
1095 3786 1234 3853 maberie
1249 3787 1390 3854 dominae
1412 3788 1514 3870 Engo·

265 3897 422 3964 lismensis
452 3900 702 3967 christianissimi
731 3903 813 3987 regis
837 3903 961 3978 matris,
991 3904 1076 3968 cuius
1099 3904 1245 3969 virtutem
1272 3906 1303 3968 et
1325 3902 1516 3988 prudentiam

266 4013 447 4080 confidimus
477 4016 564 4081 nobis
595 4037 714 4100 semper
742 4017 917 4083 adiumento
948 4019 1081 4084 futuram
1114 4021 1148 4084 ut
1177 4019 1253 4085 bene
1283 4019 1405 4102 ceptum
1435 4017 1516 4102 pacis

361 4229 379 4294 ¹)
398 4229 473 4280 Simili
492 4233 560 4280 niodo
578 4235 690 4293 scripturn
708 4237 745 4282 est
763 4233 815 4281 duci
834 4235 959 4283 hlediolenl
977 4236 1003 4283 et
1020 4237 1068 4292 regi
1086 4235 1289 4283 christianissimo.

359 4327 379 4392 ¹)
398 4327 538 4379 catherinae
555 4332 584 4379 de
603 4333 726 4389 braconis.

359 4423 379 4487 ³)
397 4427 506 4477 Nicotaus
525 4427 672 4490 &tomara
692 4431 780 4480 electus
799 4430 986 4493 archiepiscopus
1004 4443 1066 4480 uano
1086 4431 1163 4484 itae.
