3258 4904
755 349 1001 422 ..166-

340 547 447 616 coram
471 548 634 634 magnifico
657 569 693 616 ac
714 550 885 617 clarissimo
914 548 1037 617 domino
1059 549 1210 634 potestate
1239 550 1271 615 st
1292 547 1513 616 commissario

250 683 285 730 ac
307 665 462 732 executore
490 664 642 731 antedicto
670 665 793 732 sedente
815 684 869 749 pro
898 663 1047 730 tribunali
1068 664 1102 729 in
1123 662 1249 730 civitate
1276 665 1445 731 Ravennae
1475 665 1512 730 in

248 779 338 846 domo
360 800 384 847 r.
407 780 436 846 d.
458 779 634 865 Aquilant‘rs
656 779 694 845 (11
717 778 931 846 Salamonibus
953 779 1090 845 canonici
1113 780 1236 845 1111111
1258 780 1510 851 arremarensis

247 896 391 962 ecelesiae
412 894 446 961 in
460 913 580 962 camera
594 895 731 961 inferiori
753 897 822 979 post
836 895 996 961 introitum
1013 893 1270 974 1111111111111,
1291 914 1385 979 quem
1401 896 1507 962 locum

247 1010 505 1096 magnificientiae
520 1029 591 1077 suas
606 1009 816 1094 pronuntiavit
830 1009 1001 1090 iuridicum‚
1023 1011 1055 1075 et
1070 1027 1123 1093 pro
1137 1008 1267 1075 iuridico
1282 1009 1390 1075 haberi
1407 1011 1509 1076 voluit

246 1127 279 1192 st
300 1123 459 1192 mandarit
473 1125 571 1209 qnoud
586 1126 689 1192 omnia
711 1125 745 1192 in
759 1125 894 1210 presenti
909 1123 1060 1190 deletione
1074 1125 1240 1191 iuramenti
1257 1124 1413 1191 deferendi
1428 1145 1504 1210 prs·

246 1240 309 1308 tcto
332 1241 360 1308 d
383 1240 551 1325 nquuanu
574 1243 605 1308 st
627 1241 692 1307 eius
715 1259 849 1320 eramen,
865 1239 904 1305 ud
919 1259 1010 1325 quem
1031 1240 1132 1305 locum
1148 1239 1409 1324 magnificientiae
1428 1261 1506 1307 suae

245 1355 374 1421 accessit
395 1356 517 1440 propter
537 1356 755 1441 gravissimum
776 1355 990 1422 infirmitatem
1012 1357 1043 1421 et
1069 1354 1285 1438 decrepitatem
1307 1355 1421 1439 prefati
1444 1357 1504 1422 do-

206 1483 210 1490 ·
245 1470 324 1536 mini
352 1470 528 1556 Aquilantis
557 1470 726 1556 comparuit
748 1490 771 1536 r.
794 1471 823 1537 d
846 1471 981 1537 Joannes
1004 1471 1115 1536 Petrus
1137 1469 1295 1536 Ferrsttus
1323 1473 1506 1553 procurator

245 1585 417 1653 antedictus
438 1588 471 1652 11
485 1586 565 1654 dicto
580 1587 703 1653 nomine
724 1587 823 1671 primo
838 1587 870 1652 st
892 1588 963 1652 ante
985 1584 1088 1651 omnia
1103 1586 1258 1650 accusavit
1274 1586 1504 1652 contumaciam

244 1702 361 1768 domini
389 1701 511 1768 Nicolui
533 1701 669 1768 Oodecha
698 1702 808 1768 asserti
830 1701 1033 1785 procuratoris
1055 1701 1100 1766 ill.
1123 1699 1152 1766 d
1174 1699 1326 1784 Alphonsi
1347 1702 1504 1783 presentis

243 1817 329 1884 ducis
351 1817 507 1883 Ferrarius
529 1817 639 1884 moniti
660 1835 714 1904 pro
729 1817 787 1882 hac
803 1815 852 1882 dis
866 1819 898 1882 st
919 1816 995 1881 horu
1016 1816 1049 1881 in
1064 1815 1146 1882 dicto
1160 1815 1227 1882 loco
1249 1815 1289 1880 ed
1310 1815 1502 1883 interessen-

243 1933 316 2000 dum
338 1933 509 2000 iuramento
532 1932 691 1999 deferendo
713 1932 831 2017 prefate
853 1931 977 1998 domino
991 1931 1153 2016 Aquilanti
1176 1950 1267 2015 super
1289 1932 1501 2015 recognitione

243 2049 275 2114 11
296 2048 368 2114 aliis
390 2047 537 2128 deductis,
560 2050 592 2114 11
606 2048 749 2132 ademtis
764 2047 798 2113 in
812 2065 905 2113 causa
927 2064 989 2113 non
1010 2047 1224 2130 comparentis,
1247 2049 1279 2111 et
1293 2046 1326 2112 in
1340 2046 1408 2112 sius
1423 2065 1501 2113 con·

242 2165 377 2230 tumosis
398 2163 519 2230 induxit
540 2164 574 2229 in
596 2165 707 2229 testem
730 2162 882 2247 prefatum
905 2181 927 2227 r.
948 2161 975 2227 d
998 2161 1198 2246 Aquitaniam
1220 2161 1257 2227 de
1281 2160 1501 2228 Salamonibus

244 2279 423 2346 canonicum
446 2277 633 2345 11111111111
656 2280 837 2363 presentem,
859 2280 891 2343 et
912 2278 1047 2362 graviter
1076 2276 1233 2342 infirmum
1255 2279 1287 2342 11
1309 2276 1501 2360 decrepitum

243 2396 292 2462 cui
322 2395 431 2462 deferri
458 2394 549 2479 petiit
577 2395 784 2460 iuramentum
806 2391 843 2459 de
866 2393 995 2459 ueritate
1023 2393 1150 2458 dicenda
1180 2409 1270 2475 snper
1300 2391 1446 2475 capitulis
1469 2395 1502 2458 st

242 2510 313 2576 aliis
335 2510 472 2577 deductis
487 2527 541 2594 pro
556 2510 642 2592 parte
665 2527 688 2574 s.
705 2507 822 2573 domini
843 2506 941 2574 nostri
963 2508 994 2573 et
1009 2506 1094 2572 omni
1116 2506 1177 2572 1111
1200 2507 1321 2572 meliori
1334 2506 1426 2572 modo
1441 2509 1501 2576 111

332 2625 499 2710 Eidemque
522 2624 601 2691 dom.
625 2623 787 2708 Aquilanti
809 2621 929 2689 ostendi
952 2623 1055 2702 libros,
1078 2624 1110 2687 st
1130 2622 1233 2688 bullus
1255 2625 1287 2688 st
1310 2623 1371 2687 atis
1391 2624 1500 2691 muni·

244 2742 349 2806 menta
370 2740 469 2824 ipsius
484 2739 639 2806 causaest
654 2737 783 2805 eundem
798 2737 981 2822 interrogari
998 2757 1086 2821 super
1102 2736 1276 2804 documenti
1290 2739 1502 2822 recognitione

242 2856 326 2922 omni
348 2855 468 2923 meliori
489 2854 580 2921 modo
602 2855 658 2921 111.

330 2967 391 3050 Qui
405 2969 588 3055 magnificus
603 2969 630 3035 d
646 2971 784 3054 potestas
805 2971 837 3035 et
852 2969 1081 3035 commissarius
1103 2972 1139 3035 ut
1162 2988 1253 3054 supra
1275 2988 1330 3053 pro
1346 2969 1498 3038 tribunali

241 3085 349 3152 sedens
363 3086 439 3152 visis
462 3089 494 3152 et
508 3084 622 3151 auditis
644 3085 780 3169 prefatis,
802 3086 834 3151 et
849 3085 915 3150 vise
937 3085 1128 3151 contumacis
1142 3083 1218 3150 dicti
1240 3084 1358 3152 domini
1371 3085 1498 3152 Nicelui

239 3201 441 3286 procuratoris
456 3200 611 3280 antedicti,
633 3203 664 3266 st
678 3200 821 3266 omnibus
836 3201 907 3265 eliis
924 3199 1124 3266 consideratis
1139 3200 1393 3267 considerandum
1408 3202 1496 3267 iura·

239 3319 378 3384 mentum
400 3316 511 3383 detulit
532 3315 614 3382 dicto
637 3316 759 3383 domino
781 3315 942 3401 Aquilanti
963 3317 1106 3400 presenti,
1129 3318 1161 3382 11
1182 3335 1276 3382 manu
1299 3317 1391 3382 tactis
1415 3317 1496 3384 scri·

238 3432 338 3517 pturis
360 3432 555 3516 corporaliter
575 3431 691 3498 iuranti
712 3431 751 3497 sd
773 3435 879 3498 sancta
894 3432 952 3497 Dei
974 3431 1132 3516 euangelia
1154 3431 1191 3498 ds
1214 3407 1343 3498 veritate
1364 3431 1497 3500 dicenda

239 3567 329 3632 super
343 3548 486 3632 capitulis
501 3549 532 3615 et
547 3547 617 3613 aliis
633 3546 788 3631 productis
803 3565 857 3630 pro
872 3549 958 3630 parts
974 3547 1040 3613 1.(1.
1055 3567 1084 3612 n.
1093 3545 1178 3612 omni
1192 3547 1313 3613 meliori
1328 3547 1419 3614 modo
1434 3553 1494 3614 111.

327 3662 519 3730 Reverendus
542 3664 575 3728 in
597 3661 718 3728 Christo
740 3664 828 3747 pater
849 3661 877 3727 d.
901 3662 1083 3747 Aquitantes
1106 3661 1324 3747 quiIeonardi
1343 3661 1492 3728 (118111-

237 3778 379 3846 monibus
402 3779 524 3845 sanctae
544 3778 786 3844 Ravennatsnsis
809 3778 952 3844 ecclesias
975 3780 1136 3844 canonicus
1158 3777 1249 3843 testis
1271 3777 1416 3844 inductus
1438 3798 1495 3862 per

238 3895 356 3960 dictum
377 3915 400 3960 r.
416 3894 444 3960 d
460 3895 685 3979 procuratorem
707 3914 730 3961 s.
754 3893 782 3961 d.
805 3914 834 3960 n
851 3892 1038 3978 sanctaeque
1061 3892 1149 3960 Sedis
1171 3892 1356 3976 apostolicus
1377 3893 1494 3960 citatus

236 4010 371 4077 monitus
393 4011 511 4077 iuratus
533 4028 569 4075 ac
591 4010 754 4096 diligenter
777 4011 969 4077 examinatus
985 4028 1039 4094 psr
1061 4010 1214 4094 prefatum
1235 4009 1438 4094 msgnificum
1462 4011 1491 4076 d

234 4126 418 4210 potestatem
432 4127 464 4191 11
478 4125 723 4192 commissarium
740 4145 829 4209 super
844 4126 986 4210 capitulis
1001 4128 1033 4191 st
1048 4125 1118 4191 aliis
1132 4125 1288 4209 productis
1303 4125 1491 4208 perdicium

233 4260 257 4308 r.
267 4241 295 4308 d
305 4244 529 4326 procuratorem
544 4243 597 4325 qui
611 4242 702 4308 testis
717 4260 771 4308 suo
785 4241 955 4308 iuramento
971 4241 1125 4308 mediante
1140 4240 1332 4308 testificando
1344 4241 1424 4308 dixit
1432 4245 1490 4309 etc.

324 4353 420 4440 Super
433 4357 532 4440 primo
547 4357 753 4440 interrogatus
768 4357 846 4422 dixit
861 4356 940 4441 quod
955 4375 974 4422 u
988 4377 1016 4425 u
1031 4375 1077 4423 ru
1093 4377 1156 4423 xxa
1172 4356 1379 4442 quadraginta
1394 4359 1487 4443 quin·

234 4469 390 4554 quaginta,
420 4470 578 4555 sexaginta
600 4473 631 4538 et
660 4473 855 4558 septuaginta
884 4473 973 4540 suuis
1002 4474 1079 4540 citra
1101 4473 1138 4540 de
1168 4473 1278 4560 quibus
1301 4473 1369 4560 ipse
1398 4475 1489 4542 testis
