3128 4908
369 810 451 870 Dux
474 810 676 871 sabaudiae
699 811 870 872 Clementi
893 813 967 872 vll.

470 920 556 1004 (litt.
573 919 699 1004 princip.
715 920 755 986 11.
772 921 861 1004 230).

529 1035 573 1120 (9.
588 1035 676 1101 Junii
696 1035 803 1102 lb‘ltl.

128 1193 313 1261 Bmtissimo
340 1197 435 1279 pater.
482 1195 556 1262 Post
584 1196 777 1262 humillimas
805 1196 963 1281 usquead
992 1197 1149 1264 beatorum
1178 1196 1290 1282 padum

50 1309 143 1374 oscula
171 1310 457 1378 commendationes.
508 1311 594 1378 licet
623 1311 739 1378 sincera
768 1312 799 1378 et
821 1312 948 1396 paterno
985 1314 1085 1378 vostre
1115 1312 1289 1380 sanctitatis

49 1442 110 1507 ergo
133 1444 182 1491 me
204 1426 316 1493 ossas
338 1425 454 1492 dudum
477 1426 553 1492 satis
576 1426 655 1493 mihi
677 1430 749 1492 nota
772 1425 857 1506 foret,
880 1429 968 1511 pater
991 1427 1177 1506 beatissime,
1200 1428 1289 1496 illam

49 1541 143 1606 bnon
164 1541 266 1626 magis
288 1542 380 1626 abac
408 1541 510 1627 magis
532 1561 568 1608 oo
590 1542 669 1609 mibi
691 1561 772 1609 nuno
794 1543 913 1628 operuit
935 1543 988 1610 ubi
1013 1542 1210 1612 reveundum
1233 1543 1288 1610 do-

51 1655 158 1722 minnm
173 1656 434 1742 archiepiscopum
450 1656 627 1741 Capuanum
650 1676 704 1724 sue
719 1657 893 1724 sanctitatis
909 1657 1054 1726 nuncium
1070 1657 1108 1724 ad
1124 1677 1173 1724 ms
1188 1658 1290 1725 venua

51 1769 138 1851 iussit
155 1773 190 1838 ut
205 1791 259 1838 suo
273 1772 437 1858 legationis
453 1791 578 1840 mamm
592 1771 723 1839 fideliter
737 1771 909 1840 nunciaret:
928 1772 994 1854 Quo
1010 1775 1046 1840 tit
1060 1775 1096 1839 ut
1110 1773 1159 1839 illi
1172 1774 1290 1858 gratias

51 1884 164 1952 reddam
187 1887 386 1954 immortales.
415 1888 456 1954 bt
477 1887 621 1972 quoniam
644 1907 709 1954 rem
731 1888 811 1954 banc
833 1891 935 1956 vestm
965 1888 1114 1956 sanctitas
1135 1889 1290 1972 complexa

49 2001 163 2068 ostdivo
179 2003 352 2088 optimoque
367 2003 509 2088 pontifico
523 2003 659 2090 dignam,
674 2003 814 2070 universe
822 2003 945 2088 quidem
959 2003 1101 2088 religioni
1115 2002 1289 2082 christiane,

49 2117 118 2182 nihi
132 2121 234 2186 auam
250 2118 414 2185 modum
430 2118 538 2185 utilem
553 2137 589 2184 ao
604 2117 815 2197 neeessariam,
832 2119 899 2205 (qni
914 2137 1004 2203 super
1018 2136 1123 2184 omnes
1138 2117 1171 2185 in
1189 2117 1289 2184 medio

50 2233 157 2313 positus
186 2233 354 2301 necessarie
385 2234 470 2318 pacis
499 2235 530 2300 at
559 2233 715 2301 concordio
745 2234 926 2302 beneficium
960 2233 1079 2300 intimis
1106 2233 1289 2318 praecordiis

50 2349 195 2434 concupio)
234 2349 430 2416 sanctitatem
460 2350 595 2417 vestam
624 2368 716 2434 quam
746 2348 921 2419 humillime
956 2349 1114 2434 deprecor,
1147 2349 1290 2434 dignetur·

50 2465 107 2527 bn
129 2467 232 2532 sancte
253 2465 361 2549 pioque
383 2465 428 2532 roi
442 2465 487 2531 ita
509 2483 632 2549 oporam
655 2465 726 2532 dare
741 2465 776 2531 ut
789 2465 830 2533 od
852 2465 993 2534 ellectum
1015 2463 1211 2550 perducatur;
1234 2485 1289 2532 nec

51 2579 270 2657 praeterendum
298 2580 373 2665 quin
395 2580 427 2646 in
459 2581 524 2646 tam
551 2580 681 2659 sdubri,
711 2581 760 2647 rel
789 2581 891 2665 optate
920 2579 1005 2664 pacis
1035 2580 1084 2646 vol
1113 2580 1289 2664 treugarum

49 2693 179 2774 tractato,
200 2696 264 2763 moi
284 2715 401 2763 memor
422 2715 489 2762 esse
511 2695 662 2781 dignetur.
692 2695 810 2781 Nempe
832 2697 884 2781 qni
899 2715 1021 2780 oporam
1044 2695 1240 2780 studiumque
1257 2696 1289 2761 ot

52 2806 121 2874 vires
141 2829 225 2877 meas
247 2829 353 2877 omnes
375 2811 415 2877 ad
437 2829 502 2878 rem
526 2811 627 2896 ipsam
649 2830 704 2897 pro
734 2815 811 2878 nutu
835 2811 934 2878 vestro
968 2809 1141 2878 mustitatis
1164 2809 1293 2878 feliciter

51 2921 230 3007 tingendam
252 2927 383 2993 libenter
397 2927 496 3006 offero,
515 2927 610 2994 etiam
632 2926 693 3012 ipsi
708 2926 866 2994 sanctitati
882 2927 982 2994 vestre
1000 2925 1139 2992 mmnm
1162 2925 1291 2994 devoveo

51 3040 294 3120 quemadmodum
317 3042 411 3108 latita
432 3061 486 3128 per
507 3042 624 3110 dictum
654 3041 850 3110 reveundnm
872 3041 1132 3126 archiepiscopum
1155 3041 1216 3108 sibi
1238 3061 1287 3107 ra·

52 3151 119 3220 torro
132 3157 250 3241 rogavi:
266 3157 417 3225 ouifidem
431 3159 585 3243 praestare
600 3156 777 3242 dignabitur
792 3175 827 3222 ao
843 3157 981 3224 subditos
996 3175 1081 3226 moos
1095 3157 1290 3242 mavimimis

53 3267 188 3338 bellorum
216 3272 391 3339 turbinibus
414 3291 449 3340 ox
471 3292 504 3340 re
526 3273 625 3340 aliena
647 3272 777 3340 afflictos
800 3274 832 3340 ot
853 3271 1037 3358 deiadgntos
1059 3271 1104 3338 ita
1131 3289 1288 3338 commen-

52 3381 129 3450 datos
150 3386 280 3454 facomm
309 3388 390 3472 qnod
411 3408 429 3455 a
452 3390 539 3456 tanta
562 3387 681 3456 sarcina
705 3387 754 3473 (ut
775 3407 830 3471 par
852 3387 913 3473 est)
937 3387 1116 3455 sumantur.
1151 3385 1202 3454 Sic
1224 3405 1289 3452 rem

53 3499 109 3564 tam
129 3501 211 3585 piam
232 3522 269 3570 ac
291 3503 424 3589 benigno
449 3507 536 3589 patre
557 3503 684 3588 dignm
707 3504 774 3570 tum
796 3503 876 3568 mihi
905 3501 1070 3570 admodum
1100 3502 1289 3586 singularem

53 3614 154 3684 effidet
173 3617 278 3686 oedem
301 3619 448 3686 sanctitas
471 3621 581 3700 vostra,
604 3639 662 3705 que
684 3618 861 3686 felicissime
890 3620 991 3686 valeat
1020 3618 1053 3684 in
1077 3615 1189 3685 Sancta
1212 3615 1288 3684 Sede

53 3727 98 3796 dio
119 3731 277 3820 (eruptum
300 3733 491 3804 Chamberioi
511 3734 549 3803 ix.
572 3735 682 3824 Junii).

1028 3964 1058 4034 S.
1075 3966 1112 4034 V.

795 3965 1005 4152 Humillimis}
1019 4083 1051 4148 et
1074 4079 1289 4150 devotissimus

855 4199 938 4266 filins
961 4198 1020 4264 dux
1043 4196 1221 4264 Sabaudiae.

986 4311 1104 4400 (Citra).
