3192 4930
770 252 992 318 „30-

256 447 312 513 filii
337 446 433 513 nostri
457 443 557 510 Caroli
583 445 789 511 Romanorum
812 447 843 510 61
867 445 1086 528 Hispaniarum
1108 445 1191 532 regis
1219 445 1360 514 catholici
1380 447 1411 514 in
1435 444 1487 512 im*
1582 455 1583 500 1

256 565 426 647 parciorem
456 561 545 627 electi
574 560 655 644 apud
683 579 738 626 nos
768 561 958 645 viceagerens
985 562 1017 626 et
1046 563 1158 642 orator,
1190 565 1270 648 quod
1306 584 1375 629 cum
1402 563 1435 628 fa
1455 583 1487 628 rc
1582 571 1583 616 1

257 680 316 745 Leo
346 697 395 762 pp.
421 677 458 743 X.
488 677 698 760 praedecessor
727 679 845 756 noster,
878 677 1019 741 omnibns
1056 678 1307 744 christifidelibus
1336 679 1369 744 in
1400 677 1488 762 regnis
1582 687 1583 728 1

257 794 401 860 dominiis
423 795 454 859 et
468 793 579 858 insulis
603 792 683 857 dicto
699 791 804 858 Oarolo
827 793 892 878 regi
915 793 1059 858 subiectis
1074 793 1274 859 existentibus
1289 796 1321 860 et
1336 795 1374 859 ad
1394 793 1488 858 buius·
1582 803 1583 846 1

256 910 340 976 modi
361 928 455 994 regna
484 910 515 974 et
537 909 654 973 insulas
684 907 913 986 confluentibus,
943 908 996 991 qui
1024 909 1138 974 certam
1161 911 1234 974 tunc
1256 929 1425 993 expressam
1444 927 1489 991 pe·
1582 921 1583 962 1

256 1027 415 1092 616ιί61616
438 1024 649 1107 quantitatem,
679 1024 746 1088 tam
767 1041 821 1106 pro
845 1023 1040 1088 sanctissima
1069 1023 1213 1090 adversus
1237 1026 1399 1090 acerrimos
1419 1021 1489 1088 cbri-
1582 1059 1583 1076 ι

257 1141 375 1207 6116666
406 1139 477 1204 fidei
508 1139 611 1204 hostes
643 1138 830 1221 expeditione
862 1155 955 1221 quam
986 1155 1040 1222 pro
1073 1141 1224 1205 structura
1255 1142 1287 1205 et
1317 1139 1490 1224 reparatione

256 1256 402 1321 basilicae
432 1255 605 1320 sanctorum
636 1255 842 1336 apostolorum
871 1254 956 1318 Petri
985 1256 1016 1318 et
1045 1255 1135 1318 Pauli
1166 1254 1202 1319 de
1235 1256 1317 1334 urbe,
1348 1254 1492 1339 erogarent

257 1371 295 1436 fo.
312 1391 352 1436 re.
375 1369 454 1436 Julii
476 1389 525 1452 pp.
548 1369 588 1433 Π.
612 1369 706 1433 etiam
729 1369 967 1451 praedecessoris
991 1369 1089 1433 nostri
1111 1369 1242 1453 vestigia
1265 1371 1414 1435 imitando
1434 1369 1491 1452 ple·

258 1486 419 1551 nissimam
435 1483 572 1549 omniurn
588 1485 779 1565 peccatorum
796 1503 919 1548 suonam
940 1484 1164 1567 indulgentiam
1188 1503 1224 1549 ac
1238 1485 1316 1550 alias
1333 1484 1493 1568 spirituales
1582 1511 1583 1520 ¹

257 1602 374 1685 gratias
397 1600 428 1665 61
450 1599 610 1663 facultates
641 1599 837 1664 concesserit:
866 1601 898 1664 et
920 1599 1027 1664 deinde
1050 1599 1130 1664 dicto
1153 1600 1252 1665 Leone
1280 1601 1494 1683 praedecessore
1582 1617 1583 1644 1

257 1717 321 1782 6116
349 1715 452 1780 binoto
481 1715 512 1778 et
534 1714 571 1778 fe.
587 1735 626 1778 re.
651 1713 784 1779 Adriano
807 1734 855 1796 pp.
879 1715 932 1779 Vl.
955 1716 1049 1779 etiam
1079 1715 1306 1796 praedecessore
1336 1711 1494 1782 nostroad
1582 1731 1583 1774 3

257 1832 447 1916 apostolatus
471 1829 588 1912 apicem
619 1830 776 1910 assumpto
806 1829 929 1894 easdem
956 1828 1162 1912 indulgentias
1190 1833 1221 1896 et
1243 1833 1434 1914 peccatorum
1453 1847 1494 1892 ra·
1582 1901 1583 1918 ξ

258 1947 426 2024 missiones,
449 1946 639 2026 coeterasque
655 1943 815 2008 facultates
838 1945 871 2009 in
886 1943 977 2008 dictis
993 1943 1105 2009 litteris
1121 1947 1280 2010 contentas
1294 1943 1496 2011 revalidarerit

257 2062 447 2128 irmovaverit
469 2061 501 2126 et
523 2059 620 2124 denno
635 2058 825 2136 concesserit
848 2061 939 2143 prout
953 2059 985 2124 in
1008 2060 1101 2124 variis
1117 2060 1230 2125 litteris
1253 2061 1404 2126 dictorum
1419 2077 1496 2144 prae·

257 2177 458 2254 decessorum,
481 2176 545 2239 tam
570 2174 626 2238 sub
641 2174 775 2256 plumbo,
799 2192 891 2256 qnam
906 2173 938 2238 in
953 2175 1051 2238 forma
1074 2175 1175 2240 brevis
1191 2176 1355 2258 expeditas,
1380 2193 1497 2262 quarum

256 2295 375 2359 tenores
397 2289 608 2374 praesentibus
631 2289 742 2354 babere
765 2289 904 2354 volumus
927 2307 981 2371 pro
1004 2290 1163 2372 expressis,
1185 2291 1305 2373 plenius
1328 2291 1498 2356 continetur.

257 2407 391 2491 Cumque
421 2405 519 2470 dictus
543 2403 696 2468 Adrianus
725 2403 936 2488 praedecessor
963 2404 1002 2468 ab
1025 2404 1169 2469 humanis
1199 2407 1364 2488 exemptus,
1396 2421 1499 2487 nosque

256 2522 295 2588 ad
318 2521 454 2606 regimen
477 2519 657 2584 universalis
681 2517 825 2584 ecclesiae
848 2537 883 2583 ex
905 2517 965 2583 Dei
986 2519 1123 2584 bonitate
1146 2520 1298 2602 assumpti
1320 2539 1457 2586 essemus
1471 2519 1499 2583 in

255 2637 424 2703 crastinum
446 2634 527 2699 diem
544 2634 763 2716 assumptionis
779 2635 900 2699 6661166
915 2651 1109 2716 quascunque
1130 2635 1283 2717 plenarias
1299 2634 1501 2719 indulgentias

256 2771 332 2838 quae
356 2753 394 2816 ab
416 2750 521 2816 eodem
543 2749 771 2832 praedecessore
794 2749 1011 2813 emarcuerant
1033 2769 1068 2814 ex
1095 2750 1203 2832 quavis
1225 2768 1318 2815 causa
1340 2767 1501 2824 concessas,

257 2887 293 2933 66
315 2867 392 2932 61166
416 2866 452 2930 de
485 2864 624 2949 eligendo
654 2864 823 2929 confessore
852 2864 1014 2928 facultates
1043 2863 1082 2927 ad
1111 2866 1250 2930 nostum
1272 2866 1305 2930 et
1325 2865 1502 2948 apostolicas

258 2982 345 3050 Sedis
368 2980 592 3064 beneplacitum
606 2979 705 3062 quoad
727 2997 763 3044 66
784 2979 817 3042 16
839 2978 949 3061 quibus
963 2978 1180 3062 ¹indulgentiae
1203 2980 1234 3045 ct
1248 2979 1412 3046 facultates
1426 2981 1503 3064 ipsae

256 3099 289 3164 in
312 3097 415 3181 aliqua
438 3096 486 3160 sui
508 3097 594 3178 parte
623 3096 710 3159 erant
740 3093 864 3158 sortitae
896 3093 1037 3158 effectum
1068 3094 1291 3177 suspendimus,
1321 3114 1356 3160 ac
1385 3096 1504 3162 irritum

257 3217 288 3280 61
310 3214 400 3278 16666
423 3210 566 3296 quicquid
581 3209 762 3275 facultatum
785 3211 992 3274 revocaturum
1007 3227 1113 3274 earum
1134 3210 1273 3292 pretextu
1295 3211 1328 3276 in
1350 3215 1504 3294 posterum

257 3329 447 3412 contingeret
462 3325 640 3408 attemptari
655 3324 889 3400 decreverimus3
906 3325 1096 3389 tamencum
1119 3325 1157 3388 cb
1180 3324 1299 3390 viarum
1321 3325 1505 3400 discrimina,

257 3443 435 3526 itinerisque
457 3439 638 3506 distantiam
661 3439 700 3504 ad
728 3440 831 3523 partes
861 3439 893 3503 in
916 3438 1026 3521 quibus
1049 3438 1225 3503 huiusmodi
1247 3439 1457 3524 indulgentiae
1479 3441 1507 3505 61

258 3559 419 3624 facultates
441 3555 683 3640 pumicabantur,
715 3553 923 3637 suspensionis
945 3555 977 3618 et
999 3552 1199 3618 revocationis
1228 3553 1380 3621 dictarum
1402 3555 1506 3621 indul·

258 3673 433 3758 gentiarum
455 3671 567 3736 notitia
588 3669 743 3752 pervenire
765 3687 826 3733 non
856 3668 1013 3752 potuisset,
1038 3669 1249 3748 commissarii,
1280 3671 1457 3736 collectores
1479 3671 1509 3734 ct

259 3788 490 3854 subcollectores
513 3805 548 3850 66
570 3786 744 3869 quaestores
773 3783 885 3849 assde
914 3784 1080 3868 apostolica
1109 3783 1246 3868 deputati
1275 3785 1373 3851 (116166
1402 3785 1508 3852 indul·

258 3903 379 3988 gentias
401 3902 564 3985 publicare,
594 3919 630 3965 ac
651 3900 731 3964 inter
760 3898 972 3964 christifideles
996 3899 1191 3978 distribuere,
1221 3900 1253 3965 61
1274 3901 1431 3984 questores
1455 3921 1507 3986 pe·

258 4018 381 4085 cuniam
403 4017 441 4082 ob
463 4016 551 4082 illam
573 4014 796 4081 concessionem
811 4014 1002 4098 assignatam
1024 4015 1143 4098 erigere
1164 4033 1226 4080 non
1248 4017 1414 4094 cessarunt,
1438 4035 1508 4082 sen·

259 4133 387 4210 tentiae,
419 4151 562 4198 censuras
600 4133 632 4196 et
662 4149 756 4214 penas
787 4129 1009 4195 ecclesiasticas
1041 4129 1144 4196 forsan
1179 4129 1371 4197 incurrendo:
1417 4149 1509 4215 qnare

260 4247 442 4333 supplicavit
464 4247 552 4312 nobis
573 4246 657 4312 idem
678 4245 848 4312 Ludovicus
871 4243 939 4323 dux,
963 4246 998 4310 nt
1019 4244 1053 4310 in
1074 4244 1253 4328 praemissis
1276 4247 1421 4328 oportune
1437 4265 1508 4330 pro·

259 4365 359 4430 ridere
382 4363 419 4430 de
442 4362 632 4446 benignitate
654 4359 821 4445 apostolica
849 4359 1060 4444 dignaremus
1090 4379 1146 4427 nos
1168 4360 1265 4444 igitur
1293 4360 1347 4446 qrci
1367 4361 1510 4444 periculis
