3152 4902
757 243 980 308 ..86-

846 437 898 502 61.

529 558 699 616 Helvetiis
722 557 931 618 oratoribus
953 558 985 616 X
1008 563 1215 618 santonum.

333 665 446 731 Dileoti
469 665 534 730 lilii.
581 666 677 730 Vetus
699 667 755 732 illa
776 666 840 733 iam
855 667 1026 733 coniunctio
1049 687 1127 750 quae
1149 668 1330 733 coelestibus
1355 687 1433 733 verae
1453 669 1478 732 ot
1572 708 1573 713 κ

243 780 457 846 immaculatae
480 781 636 864 religionis
660 783 804 866 auspiciis
827 785 1001 849 consecrata
1023 803 1058 848 ao
1073 783 1189 848 mutuis
1212 783 1363 866 plurimus
1384 783 1478 848 officiis

243 897 422 962 confirmata
443 897 514 962 huic
537 895 665 962 Sanctae
682 897 753 962 Sedi
775 917 845 964 cnm
867 899 928 964 ista
950 899 1066 964 invicta
1087 898 1209 964 natione
1232 899 1398 976 intercedit
1419 897 1478 962 lecit

244 1015 278 1077 ut
300 1014 339 1078 ab
354 1012 441 1078 initio
457 1012 564 1077 statim
586 1013 684 1077 nostri
707 1014 900 1096 pontificatus
925 1016 1045 1080 tantum
1068 1014 1101 1078 in
1117 1014 1202 1078 vobis
1226 1014 1291 1098 spei
1306 1032 1478 1097 poneremus
1572 1062 1573 1065 ,

242 1133 391 1212 quantum
414 1129 539 1211 epatre
563 1128 776 1194 amantissimo
806 1131 909 1213 atque'
926 1130 1196 1213 indulgentissimo
1228 1131 1261 1195 iu
1289 1129 1478 1213 peculiaribus
1573 1181 1574 1188 ,

244 1243 317 1308 liliis
339 1243 512 1326 ponendum
536 1243 760 1321 iudicabamnsr
791 1264 861 1310 cum
885 1246 923 1310 ad
953 1245 1041 1309 illam
1070 1245 1240 1312 amicitiam
1263 1247 1294 1311 et
1318 1247 1478 1311 societatem

242 1377 335 1442 qnam
356 1357 598 1442 praedecessores
628 1359 727 1426 nostri
750 1361 906 1426 vobiscum
934 1362 1112 1439 habuerunt,
1142 1379 1197 1427 nos
1221 1362 1411 1444 praecipuam
1432 1359 1477 1425 ad·

242 1475 436 1558 iungeremus
459 1475 637 1539 memoriam
667 1478 785 1542 vestrae
816 1477 980 1560 singularis
1011 1495 1083 1560 erga
1113 1496 1168 1542 nos
1197 1477 1281 1559 ipsos
1312 1477 1479 1543 voluntatis:
1573 1473 1574 1510 r

243 1609 350 1656 snmus
365 1589 447 1656 enim
463 1608 620 1668 memores,
644 1609 739 1674 neque
754 1591 786 1655 id
802 1611 934 1675 unquam
954 1593 1176 1670 obliviscemur,
1199 1611 1254 1656 nos
1276 1593 1310 1656 in
1327 1591 1480 1657 minoribus

242 1705 426 1775 constitutos
448 1705 510 1770 ista
532 1705 619 1770 nobis
642 1706 805 1772 assistente
828 1707 997 1772 fortissima
1020 1709 1142 1773 natione
1164 1728 1232 1772 cum
1249 1711 1351 1773 vestra
1373 1727 1480 1773 summa

242 1821 340 1905 gloria
364 1840 424 1887 non
446 1821 629 1887 mediocrem
653 1820 773 1886 laudem
798 1823 892 1887 fuisse
915 1825 1099 1888 consecutos.
1145 1824 1194 1888 Ita
1216 1843 1285 1888 oum
1308 1823 1416 1889 coeteri
1437 1841 1478 1886 ro-

241 1935 327 2001 mani
355 1936 513 2021 pontifices
543 1936 785 2019 praedecessores
815 1938 912 2002 nostri
935 1938 985 2022 qui
1017 1940 1117 2003 vestra
1146 1938 1218 2004 forti
1240 1942 1271 2004 et
1300 1939 1381 2005 fideli
1402 1957 1480 2021 opera

240 2051 274 2118 in
296 2051 419 2136 magnis
442 2051 506 2116 suis
530 2051 619 2116 rebus
644 2052 844 2131 misserunt,
867 2055 937 2136 post
959 2053 1170 2137 pontificatum
1193 2054 1338 2138 adeptum
1360 2055 1480 2138 gratiam

240 2167 398 2232 vobiscum
421 2167 452 2230 et
475 2166 644 2232 amicitiam
675 2168 887 2246 contraxerint,
917 2187 972 2233 uos
996 2168 1035 2233 ad
1057 2168 1136 2234 bana
1157 2169 1258 2252 ipsam
1288 2169 1480 2253 pontificalem

240 2281 424 2366 dignitatem
446 2281 509 2346 iam
532 2281 618 2346 vobis
641 2281 774 2347 demncti
796 2285 827 2348 et
841 2283 971 2367 obligati
993 2284 1191 2360 accessimus;
1213 2285 1247 2350 ut
1264 2285 1412 2352 Helvetioi
1432 2303 1481 2350 no·

240 2397 334 2463 minis
357 2414 493 2462 amorem
508 2397 541 2461 in
557 2397 696 2462 sensibus
712 2400 801 2482 atque
824 2399 857 2464 in
880 2398 1026 2464 memoria
1049 2401 1154 2465 nostra
1167 2418 1342 2484 gereremus
1357 2401 1481 2466 infixum.

239 2512 360 2579 Accidit
382 2513 484 2577 autem
506 2530 567 2578 non
583 2513 727 2578 mediocri
748 2517 852 2578 nostra
868 2533 937 2580 oum
952 2513 1094 2580 molestia
1117 2516 1152 2581 ut
1174 2516 1253 2599 quod
1268 2535 1359 2600 agere
1374 2535 1483 2582 summa

240 2627 436 2712 cupiebamus
459 2627 556 2711 ipsius
585 2628 684 2693 nostri
705 2629 901 2712 pontificatus
923 2630 1021 2706 initio,
1051 2631 1202 2697 neminem
1232 2631 1271 2696 ad
1294 2652 1348 2698 vos
1371 2631 1483 2698 mittere

240 2761 399 2830 possemus
423 2743 475 2828 qui
497 2743 578 2808 hunc
600 2744 745 2810 bonorem
760 2747 899 2810 nostrum
922 2745 1008 2811 vobis
1031 2747 1236 2829 gratularetur
1250 2748 1281 2812 et
1303 2748 1482 2814 voluntatem

241 2858 413 2925 ostenderet
435 2859 734 2942 benevolentiamque
750 2861 887 2925 nostram
910 2879 982 2944 erga
998 2880 1051 2924 vos
1074 2861 1240 2928 declararet
1254 2881 1348 2946 eaque
1371 2883 1389 2927 a
1405 2863 1483 2928 nobis

242 2975 362 3041 offerret
383 2976 414 3039 et
436 2973 628 3056 polliceretur
643 2993 718 3058 qnae
742 2993 796 3040 nos
819 2994 880 3040 non
901 2976 1003 3058 magis
1026 2977 1146 3059 propria
1162 2977 1249 3042 nobis
1272 2997 1364 3063 qnam
1388 2979 1483 3044 vobis-

241 3109 312 3157 cum
333 3089 474 3155 volumus
496 3089 607 3154 babere
630 3091 816 3166 communia3
840 3089 948 3156 multis
971 3090 1053 3156 anim
1069 3093 1100 3156 et
1122 3093 1244 3175 magnis
1259 3093 1485 3159 difficultatibus

240 3207 272 3272 et
293 3202 522 3288 impedimentis
545 3203 691 3270 retardati
713 3205 844 3280 finimus3
874 3225 946 3270 nam
969 3207 1000 3270 et
1021 3206 1124 3289 inopia
1153 3228 1189 3272 ac
1211 3209 1300 3292 plane
1330 3213 1484 3293 paupertas

243 3320 332 3387 Sedis
355 3319 537 3403 apostolicae
554 3319 633 3386 nihil
654 3320 743 3384 nobis
766 3320 947 3386 ostendebat
961 3321 1042 3404 quod
1063 3321 1201 3405 polliceri
1224 3323 1310 3389 vobis
1325 3325 1486 3390 liberaliter

240 3454 399 3521 possemus
422 3436 453 3500 et
477 3436 625 3501 bellomm
641 3434 773 3518 undique
796 3436 1050 3502 tumultuantium
1074 3439 1219 3522 strepitus
1235 3440 1402 3506 Turmmm
1415 3459 1484 3524 quo-

242 3569 300 3634 que
321 3549 468 3616 immanis
491 3552 522 3616 et
544 3551 588 3616 rei
610 3550 794 3616 christianae
816 3551 981 3617 imminens
1011 3572 1080 3617 cum
1103 3554 1230 3620 extremi
1252 3555 1339 3620 exitii
1360 3555 1487 3640 periculo

241 3665 392 3751 potentia3
415 3667 480 3732 tota
502 3666 630 3751 deniqne
652 3666 861 3733 christianitas
885 3667 988 3745 armis,
1010 3668 1161 3748 caedibus,
1184 3670 1380 3750 dissensione,
1402 3673 1485 3738 hore·

242 3783 327 3848 sibus
350 3782 535 3865 perturbata.
564 3801 619 3848 uos
642 3801 717 3865 pene
747 3783 893 3848 attonitos
916 3785 948 3848 et
976 3783 1097 3849 consilii
1125 3785 1231 3869 inopes
1254 3805 1321 3852 esse
1350 3788 1487 3871 cogebat:

242 3899 369 3962 etcum
391 3897 590 3963 facultatibus
613 3897 722 3976 attriti,
745 3897 888 3981 periculis
910 3898 1051 3981 impediti
1073 3900 1160 3966 valde
1183 3920 1329 3981 essemus,
1353 3903 1488 3968 nostrum

242 4012 365 4097 quidem
388 4031 461 4098 erga
484 4032 536 4079 vos
559 4013 643 4078 intus
666 4015 698 4078 et
720 4011 753 4078 in
776 4012 878 4080 animo
902 4033 1091 4081 servaremus
1113 4035 1257 4094 amorem,
1280 4015 1366 4082 illius
1388 4019 1487 4082 autem

242 4127 406 4194 manifesta
428 4127 541 4194 indicia
564 4130 653 4212 atque
669 4147 759 4212 opera
781 4129 867 4195 edere
890 4130 970 4213 apud
985 4148 1039 4196 vos
1061 4131 1263 4214 nequiremus.
1309 4128 1375 4212 Quo
1397 4133 1487 4198 etiam

242 4245 377 4327 tempore
398 4243 432 4310 id
453 4244 534 4329 quod
556 4261 676 4309 summo
698 4243 787 4310 nobis
801 4244 899 4311 dolori
920 4245 980 4311 luit
1001 4245 1168 4330 aliquotas
1191 4245 1334 4313 societate
1349 4249 1380 4314 et
1401 4249 1489 4332 gente

243 4361 345 4426 vestra
368 4359 440 4445 pagi
455 4360 645 4426 Lutheranae
667 4359 810 4443 perfidiae
833 4360 993 4428 fallacibus
1016 4361 1192 4427 labefactati
1208 4362 1358 4428 machinis
1381 4382 1399 4428 a
1422 4381 1488 4428 vera
