3192 4930
19 17 459 185 τ

564 323 787 392 ..19-

75 517 142 584 euim
168 518 282 586 decreto
304 519 532 586 Vvormedenei
561 519 641 605 quod
662 523 735 586 tunc
757 520 791 586 111
812 521 961 586 conventu
989 519 1043 584 illo
1065 537 1119 602 per
1141 515 1301 584 Caesarem

76 634 161 716 ipsum
181 637 216 700 de
237 637 403 702 conuentus
428 635 578 702 sententia
601 635 719 702 editum
740 636 800 700 11111
823 653 937 718 magua
959 654 995 700 err
1017 635 1105 718 parte
1126 634 1204 700 velle
1227 633 1300 698 obe-

78 749 141 814 dire:
162 752 259 835 aliqua
281 769 350 816 vero
373 752 494 817 nonita
516 752 604 818 nohis
620 751 800 834 probantum
816 769 954 816 reuocare
969 750 1052 814 enim
1066 769 1132 816 rem
1155 748 1194 814 ad
1209 765 1304 814 novas

77 864 285 948 disputationes,
315 870 346 932 et
375 870 556 933 conventum
586 866 624 933 ob
654 867 732 932 hanc
762 885 886 930 caueam
917 865 1049 930 indicere
1078 883 1243 948 causasque
1273 865 1306 928 et

77 980 323 1048 determinationes
346 981 418 1047 fidei
447 985 570 1047 sanctae
593 982 684 1047 toties
714 981 777 1047 iam
806 981 904 1046 factas
927 983 1017 1064 atque
1041 983 1176 1064 receptas
1200 999 1305 1044 11116116

76 1116 168 1178 6611616
188 1098 221 1163 111
242 1097 488 1176 controuersiam,
512 1097 593 1180 sapit
615 1096 756 1162 nonnihil
778 1095 939 1161 averitate
963 1099 994 1161 et
1015 1096 1136 1179 integra
1159 1095 1306 1180 religione

76 1213 190 1294 profecto
218 1213 462 1278 dissentaneum:
493 1211 547 1276 sed
575 1212 649 1276 haec
678 1211 880 1295 inaequalitas
911 1212 942 1276 et
964 1210 1168 1294 discrepantia
1197 1211 1307 1276 accidit

78 1327 136 1409 quia
155 1327 186 1392 in
207 1346 320 1412 magno
336 1329 484 1392 conuentu
507 1327 560 1392 ubi
581 1325 674 1391 multi
687 1325 760 1392 boni
783 1327 863 1404 sunt,
886 1327 984 1391 malos
1008 1326 1102 1391 etiam
1117 1326 1308 1406 intervenire,

79 1441 144 1506 sicut
163 1443 194 1506 in
216 1443 294 1508 bono
318 1443 420 1508 tritico
450 1441 564 1506 zizania
595 1460 717 1506 necesse
738 1443 793 1506 est
840 1440 922 1506 illud
950 1441 1038 1506 nobis
1061 1460 1122 1507 non
1145 1441 1309 1508 admodum

79 1557 198 1622 modeste
225 1558 342 1622 factum
371 1557 473 1622 visum
502 1559 550 1622 est
580 1555 660 1641 quod
682 1556 719 1621 de
748 1555 874 1622 concilio
904 1556 1070 1640 loquuntur
1091 1557 1228 1640 generali
1250 1574 1310 1622 non

81 1690 152 1736 secus
172 1691 205 1736 ac
227 1673 255 1737 si
277 1673 336 1737 soli
357 1671 475 1737 domini
496 1672 633 1737 omnium
648 1691 750 1736 rerum
773 1673 883 1749 essent,
907 1672 938 1736 et
960 1670 1170 1737 christianitas
1193 1689 1254 1736 una
1270 1670 1312 1735 sit

82 1783 240 1852 Germania:
270 1807 343 1854 nam
371 1787 460 1853 nobis
490 1807 538 1852 res
568 1786 692 1872 quidem
720 1787 788 1870 ipsa
817 1789 896 1851 certe
919 1805 980 1852 non
1002 1786 1152 1871 displicet,
1183 1787 1210 1852 si
1232 1789 1311 1852 bono

82 1903 156 1968 modo
175 1905 205 1968 ot
226 1904 290 1969 zelo
314 1902 408 1968 solius
424 1902 483 1968 Dei
505 1905 536 1968 et
550 1904 672 1986 petatur
694 1903 727 1967 et
748 1901 937 1980 instituatur,
960 1901 993 1966 in
1016 1903 1159 1984 quatum
1175 1902 1312 1967 omnium

84 2020 167 2097 partes
194 2038 260 2084 esse
290 2017 431 2084 convenit
458 2036 493 2082 ao
515 2017 607 2082 istius
629 2016 711 2101 regie
738 2015 956 2101 propemodum
983 2017 1143 2095 maximae,
1173 2017 1225 2100 qui
1254 2036 1313 2100 quo

85 2131 169 2198 animo
190 2134 221 2198 in
244 2131 360 2198 Christi
382 2131 474 2198 iidem
498 2133 529 2198 et
552 2133 690 2197 sanctam
713 2151 748 2197 ac
764 2132 995 2197 immaculatam
1016 2132 1197 2216 religionem
1220 2133 1262 2198 sit
1283 2134 1315 2198 et

88 2243 162 2311 iactis
183 2267 302 2332 semper
331 2246 497 2312 declaravit
526 2251 557 2313 et
586 2247 723 2331 scriptis:
755 2265 860 2312 uerum
889 2247 964 2312 haee
992 2265 1048 2312 1166
1077 2248 1315 2332 gubemebimus

86 2379 113 2424 ea
132 2364 240 2430 ratione
262 2383 355 2448 quam
374 2363 569 2446 inspiraverit
590 2362 679 2428 nobis
702 2363 800 2440 Deus,
823 2361 926 2428 animo
950 2362 1073 2446 quidem
1089 2363 1183 2430 etiam
1206 2363 1319 2430 maiore

87 2496 164 2558 quam
184 2481 339 2544 tantorum
363 2478 522 2544 turbinum
550 2497 721 2557 concursus,
745 2477 797 2562 qui
819 2479 851 2544 et
873 2497 891 2542 6
914 2478 1081 2545 Turcarum
1108 2479 1202 2546 armis
1225 2481 1257 2546 et
1279 2479 1318 2544 ab

87 2590 223 2660 intestinis
254 2593 492 2659 christianorum
520 2592 688 2659 incomodis
721 2611 776 2658 nos
800 2594 951 2676 premunt,
981 2592 1120 2660 uideatur
1150 2596 1319 2678 postulare:

88 2707 148 2788 quid
176 2710 254 2774 enim
277 2709 327 2774 vel
361 2708 458 2774 animi
478 2708 528 2772 rel
550 2709 671 2773 consilii
698 2706 802 2774 deesse
832 2709 933 2792 potest
962 2711 1043 2774 recte
1072 2710 1104 2774 et
1132 2709 1263 2776 firmiter
1284 2709 1318 2774 in

88 2818 191 2888 domino
220 2824 435 2908 sperantibus?
480 2823 616 2889 Habebis
638 2824 733 2888 etiam
762 2823 1016 2908 protestationum
1046 2825 1218 2907 exemplum
1241 2843 1318 2909 quae

88 2953 132 3015 per
149 2937 308 3004 liberarum
331 2938 492 3004 civitatum
513 2939 640 3004 nuncios
663 2939 696 3004 in
718 2937 823 3004 eodem
846 2940 995 3004 conuentu
1017 2939 1116 3004 iactae
1140 2941 1219 3017 sunt,
1243 2959 1320 3024 quae

89 3069 137 3130 quo
157 3053 253 3120 animo
269 3055 341 3134 sint,
364 3053 458 3118 infido
474 3053 615 3120 videlicet
637 3055 669 3119 61
692 3056 840 3138 cornupto,
864 3055 895 3119 et
910 3052 1086 3138 quidnobis
1102 3054 1322 3138 inpraesentia

91 3165 210 3234 1111661111
224 3168 326 3234 afferri
341 3168 468 3234 remedii
490 3189 587 3252 posse,
612 3170 652 3234 ad
674 3169 820 3238 dilectum
838 3169 938 3234 lilium
960 3168 1159 3234 Melchiorem
1181 3169 1323 3253 Langum

90 3285 271 3350 camerarium
295 3261 439 3350 'nosrmm
462 3302 532 3350 cum
563 3284 832 3368 circumspectione
854 3285 908 3349 tua
930 3283 1069 3368 precipue
1093 3283 1321 3350 communican-

90 3393 153 3462 dum
172 3399 331 3478 mittimus,
354 3398 403 3463 oui
418 3401 453 3464 tu
467 3398 560 3466 fidem
575 3419 697 3466 omnem
712 3399 847 3468 habebis.
878 3396 1028 3465 Nostrum
1050 3400 1098 3464 est
1112 3418 1193 3465 nunc
1207 3399 1324 3465 hortari

89 3507 248 3580 indomino
269 3513 571 3610 circumspectionem
594 3517 680 3580 tuam
703 3517 737 3580 ut
760 3515 949 3600 singularem
964 3530 1032 3581 eam
1054 3514 1248 3598 pmdcntiam
1264 3535 1323 3600 qua

35 3629 37 3640 ’
89 3623 224 3709 imprimis
245 3631 341 3713 pollet
362 3629 394 3694 et
415 3631 628 3696 auctoritatem
650 3649 709 3714 qua
733 3649 851 3695 summe
874 3631 922 3695 est
944 3629 1082 3714 praedita
1097 3631 1231 3697 conferre
1254 3649 1322 3697 om·

90 3758 152 3808 nem
172 3744 207 3809 ad
227 3745 390 3811 tutandum
419 3743 603 3810 christianae
625 3745 696 3810 iidei
719 3745 750 3810 ct
772 3744 863 3810 huius
887 3747 1009 3810 sanctae
1033 3745 1122 3824 sedis,
1145 3745 1231 3810 euius
1254 3745 1323 3829 ipsa

90 3855 344 3926 honoratissimum
367 3861 539 3926 membrum
562 3863 618 3939 est,
642 3860 732 3925 decus
755 3879 816 3926 non
837 3862 1009 3944 postponat
1039 3879 1167 3944 eumque
1190 3879 1325 3926 amorem

92 3991 142 4052 quo
164 3976 244 4040 nobis
266 3975 386 4060 proprie
409 3975 516 4039 affecta
546 3977 646 4040 estet
669 3975 718 4042 cui
740 3995 795 4040 1166
818 3995 879 4040 11611
901 3975 1013 4040 11116611
1042 3975 1252 4041 benevolentia
1275 3995 1323 4041 re-

93 4087 258 4173 spondemus
280 4091 314 4155 iu
336 4090 395 4156 hac
417 4108 449 4154 re
471 4092 571 4156 totum
594 4090 765 4156 ostendere:
789 4090 816 4154 si
839 4092 943 4156 16111611
964 4091 1105 4174 perennis
1128 4093 1159 4156 61
1181 4092 1326 4173 perpetua

91 4201 151 4267 laus
179 4207 227 4270 tua
255 4209 287 4271 61
308 4205 402 4270 istius
425 4205 615 4270 serenissimi
646 4225 681 4270 ac
709 4205 799 4270 nobis
829 4205 1072 4272 coniunctissimi
1100 4205 1182 4289 regis
1213 4204 1247 4270 in
1270 4206 1327 4272 hoc

93 4320 201 4404 negotio
215 4321 345 4386 maxime
360 4320 463 4403 posita
476 4321 532 4401 est,
548 4323 583 4386 ut
598 4321 752 4404 possimus
768 4321 930 4404 aliquando
946 4319 1166 4404 rempublicam
1181 4319 1325 4386 christia·

93 4451 157 4500 uam
176 4438 222 4502 tot
248 4435 450 4502 incommodis
477 4436 667 4502 laborantem
690 4435 739 4502 his
767 4436 1006 4520 perniciosarum
1035 4435 1178 4501 heresum
1199 4436 1231 4500 et
1252 4453 1326 4520 gra-

911 4535 913 4540 .
1129 4539 1168 4608 2*
