<?xml version="1.0" encoding="UTF-8"?>
<!DOCTYPE html PUBLIC "-//W3C//DTD XHTML 1.0 Transitional//EN"
    "http://www.w3.org/TR/xhtml1/DTD/xhtml1-transitional.dtd">
<html xmlns="http://www.w3.org/1999/xhtml" xml:lang="en" lang="en">
 <head>
  <title>
</title>
<meta http-equiv="Content-Type" content="text/html;charset=utf-8" />
  <meta name='ocr-system' content='tesseract 3.04.00' />
  <meta name='ocr-capabilities' content='ocr_page ocr_carea ocr_par ocr_line ocrx_word'/>
</head>
<body>
  <div class='ocr_page' id='page_1' title='image "./monumentasaecul00sadogoog_0290.png"; bbox 0 0 3128 4908; ppageno 0'>
   <div class='ocr_carea' id='block_1_1' title="bbox 539 261 784 330">
    <p class='ocr_par' dir='ltr' id='par_1_1' title="bbox 539 261 784 330">
     <span class='ocr_line' id='line_1_1' title="bbox 539 261 784 330; baseline 0 -1"><span class='ocrx_word' id='word_1_1' title='bbox 539 261 784 330; x_wconf 75' lang='lat'>-271-</span> 
     </span>
    </p>
   </div>
   <div class='ocr_carea' id='block_1_2' title="bbox 47 457 1294 3430">
    <p class='ocr_par' dir='ltr' id='par_1_2' title="bbox 47 457 1294 3430">
     <span class='ocr_line' id='line_1_2' title="bbox 59 457 1285 538; baseline 0.003 -16"><span class='ocrx_word' id='word_1_2' title='bbox 59 457 147 537; x_wconf 86' lang='lat' dir='ltr'><strong>clectis,</strong></span> <span class='ocrx_word' id='word_1_3' title='bbox 171 457 498 535; x_wconf 74' lang='lat' dir='ltr'><strong>administrationibus,</strong></span> <span class='ocrx_word' id='word_1_4' title='bbox 514 457 686 538; x_wconf 87' lang='lat' dir='ltr'><strong>abbatibus,</strong></span> <span class='ocrx_word' id='word_1_5' title='bbox 709 458 883 535; x_wconf 78' lang='lat' dir='ltr'><strong>abbatissis,</strong></span> <span class='ocrx_word' id='word_1_6' title='bbox 907 457 1113 537; x_wconf 87' lang='lat' dir='ltr'><strong>conventibus,</strong></span> <span class='ocrx_word' id='word_1_7' title='bbox 1129 477 1285 526; x_wconf 89' lang='lat' dir='ltr'><strong>commen·</strong></span> 
     </span>
     <span class='ocr_line' id='line_1_3' title="bbox 58 572 1287 659; baseline 0.003 -23"><span class='ocrx_word' id='word_1_8' title='bbox 58 573 172 654; x_wconf 87' lang='lat' dir='ltr'><strong>datariis,</strong></span> <span class='ocrx_word' id='word_1_9' title='bbox 196 575 228 640; x_wconf 90' lang='lat' dir='ltr'><strong>et</strong></span> <span class='ocrx_word' id='word_1_10' title='bbox 250 574 320 640; x_wconf 84' lang='lat' dir='ltr'><strong>aliis</strong></span> <span class='ocrx_word' id='word_1_11' title='bbox 343 574 480 659; x_wconf 88' lang='lat' dir='ltr'><strong>personis</strong></span> <span class='ocrx_word' id='word_1_12' title='bbox 504 573 667 658; x_wconf 85' lang='lat' dir='ltr'><strong>praedictis</strong></span> <span class='ocrx_word' id='word_1_13' title='bbox 690 572 861 658; x_wconf 78' lang='lat' dir='ltr'><strong>erigendas,</strong></span> <span class='ocrx_word' id='word_1_14' title='bbox 891 593 928 640; x_wconf 86' lang='lat' dir='ltr'><strong>aa</strong></span> <span class='ocrx_word' id='word_1_15' title='bbox 948 573 1033 640; x_wconf 91' lang='lat' dir='ltr'><strong>illius</strong></span> <span class='ocrx_word' id='word_1_16' title='bbox 1056 575 1233 652; x_wconf 88' lang='lat' dir='ltr'><strong>collectoris,</strong></span> <span class='ocrx_word' id='word_1_17' title='bbox 1256 577 1287 640; x_wconf 92' lang='lat' dir='ltr'><strong>et</strong></span> 
     </span>
     <span class='ocr_line' id='line_1_4' title="bbox 57 687 1285 774; baseline 0.002 -22"><span class='ocrx_word' id='word_1_18' title='bbox 57 690 183 755; x_wconf 79' lang='lat' dir='ltr'><strong>exactoris</strong></span> <span class='ocrx_word' id='word_1_19' title='bbox 199 689 435 774; x_wconf 82' lang='lat' dir='ltr'><strong>deputationum,</strong></span> <span class='ocrx_word' id='word_1_20' title='bbox 450 707 567 756; x_wconf 88' lang='lat' dir='ltr'><strong>necnon</strong></span> <span class='ocrx_word' id='word_1_21' title='bbox 579 687 761 754; x_wconf 77' lang='lat' dir='ltr'><strong>facultatum</strong></span> <span class='ocrx_word' id='word_1_22' title='bbox 771 689 994 756; x_wconf 80' lang='lat' dir='ltr'><strong>concessionem</strong></span> <span class='ocrx_word' id='word_1_23' title='bbox 1010 689 1188 774; x_wconf 89' lang='lat' dir='ltr'><strong>perdictum</strong></span> <span class='ocrx_word' id='word_1_24' title='bbox 1197 709 1285 773; x_wconf 84' lang='lat' dir='ltr'><strong>prae-</strong></span> 
     </span>
     <span class='ocr_line' id='line_1_5' title="bbox 57 803 1287 884; baseline 0.001 -15"><span class='ocrx_word' id='word_1_25' title='bbox 57 803 223 871; x_wconf 87' lang='lat' dir='ltr'><strong>decessorem</strong></span> <span class='ocrx_word' id='word_1_26' title='bbox 238 805 271 871; x_wconf 93' lang='lat' dir='ltr'><strong>in</strong></span> <span class='ocrx_word' id='word_1_27' title='bbox 286 805 407 884; x_wconf 85' lang='lat' dir='ltr'><strong>ducatu,</strong></span> <span class='ocrx_word' id='word_1_28' title='bbox 430 804 573 883; x_wconf 91' lang='lat' dir='ltr'><strong>dominio,</strong></span> <span class='ocrx_word' id='word_1_29' title='bbox 597 803 695 884; x_wconf 90' lang='lat' dir='ltr'><strong>terris,</strong></span> <span class='ocrx_word' id='word_1_30' title='bbox 718 805 750 870; x_wconf 91' lang='lat' dir='ltr'><strong>et</strong></span> <span class='ocrx_word' id='word_1_31' title='bbox 765 805 839 870; x_wconf 90' lang='lat' dir='ltr'><strong>locis</strong></span> <span class='ocrx_word' id='word_1_32' title='bbox 856 805 966 871; x_wconf 89' lang='lat' dir='ltr'><strong>vestris</strong></span> <span class='ocrx_word' id='word_1_33' title='bbox 989 805 1086 871; x_wconf 86' lang='lat' dir='ltr'><strong>factas</strong></span> <span class='ocrx_word' id='word_1_34' title='bbox 1102 805 1287 883; x_wconf 89' lang='lat' dir='ltr'><strong>huiusmodi,</strong></span> 
     </span>
     <span class='ocr_line' id='line_1_6' title="bbox 56 919 1288 1006; baseline 0.002 -22"><span class='ocrx_word' id='word_1_35' title='bbox 56 939 82 984; x_wconf 89' lang='lat' dir='ltr'><strong>ac</strong></span> <span class='ocrx_word' id='word_1_36' title='bbox 100 920 222 1006; x_wconf 79' lang='lat' dir='ltr'><strong>desuper</strong></span> <span class='ocrx_word' id='word_1_37' title='bbox 243 921 396 988; x_wconf 83' lang='lat' dir='ltr'><strong>coniectas</strong></span> <span class='ocrx_word' id='word_1_38' title='bbox 419 920 538 987; x_wconf 85' lang='lat' dir='ltr'><strong>litteras</strong></span> <span class='ocrx_word' id='word_1_39' title='bbox 561 919 742 1004; x_wconf 88' lang='lat' dir='ltr'><strong>praedictas,</strong></span> <span class='ocrx_word' id='word_1_40' title='bbox 772 940 842 986; x_wconf 89' lang='lat' dir='ltr'><strong>cum</strong></span> <span class='ocrx_word' id='word_1_41' title='bbox 865 921 1015 999; x_wconf 92' lang='lat' dir='ltr'><strong>omnibus,</strong></span> <span class='ocrx_word' id='word_1_42' title='bbox 1045 923 1077 987; x_wconf 90' lang='lat' dir='ltr'><strong>et</strong></span> <span class='ocrx_word' id='word_1_43' title='bbox 1100 921 1231 1005; x_wconf 88' lang='lat' dir='ltr'><strong>singulis</strong></span> <span class='ocrx_word' id='word_1_44' title='bbox 1255 921 1288 986; x_wconf 91' lang='lat' dir='ltr'><strong>in</strong></span> 
     </span>
     <span class='ocr_line' id='line_1_7' title="bbox 56 1035 1288 1116; baseline 0.002 -16"><span class='ocrx_word' id='word_1_45' title='bbox 56 1036 254 1104; x_wconf 79' lang='lat' dir='ltr'><strong>absentantis</strong></span> <span class='ocrx_word' id='word_1_46' title='bbox 277 1037 423 1103; x_wconf 81' lang='lat' dir='ltr'><strong>clausulis</strong></span> <span class='ocrx_word' id='word_1_47' title='bbox 446 1036 591 1104; x_wconf 81' lang='lat' dir='ltr'><strong>adsersus</strong></span> <span class='ocrx_word' id='word_1_48' title='bbox 607 1037 828 1102; x_wconf 76' lang='lat' dir='ltr'><strong>revocationem</strong></span> <span class='ocrx_word' id='word_1_49' title='bbox 850 1035 1023 1102; x_wconf 83' lang='lat' dir='ltr'><strong>litteramm</strong></span> <span class='ocrx_word' id='word_1_50' title='bbox 1045 1036 1229 1116; x_wconf 79' lang='lat' dir='ltr'><strong>huiusmodi,</strong></span> <span class='ocrx_word' id='word_1_51' title='bbox 1252 1055 1288 1102; x_wconf 85' lang='lat' dir='ltr'><strong>ac</strong></span> 
     </span>
     <span class='ocr_line' id='line_1_8' title="bbox 55 1150 1289 1236; baseline 0.001 -20"><span class='ocrx_word' id='word_1_52' title='bbox 55 1150 257 1235; x_wconf 90' lang='lat' dir='ltr'><strong>inpristinum,</strong></span> <span class='ocrx_word' id='word_1_53' title='bbox 280 1155 312 1219; x_wconf 90' lang='lat' dir='ltr'><strong>et</strong></span> <span class='ocrx_word' id='word_1_54' title='bbox 326 1153 359 1218; x_wconf 92' lang='lat' dir='ltr'><strong>in</strong></span> <span class='ocrx_word' id='word_1_55' title='bbox 375 1171 445 1218; x_wconf 92' lang='lat' dir='ltr'><strong>eum</strong></span> <span class='ocrx_word' id='word_1_56' title='bbox 467 1151 501 1218; x_wconf 91' lang='lat' dir='ltr'><strong>iu</strong></span> <span class='ocrx_word' id='word_1_57' title='bbox 523 1171 581 1236; x_wconf 89' lang='lat' dir='ltr'><strong>quo</strong></span> <span class='ocrx_word' id='word_1_58' title='bbox 604 1155 675 1218; x_wconf 85' lang='lat' dir='ltr'><strong>ante</strong></span> <span class='ocrx_word' id='word_1_59' title='bbox 697 1151 919 1218; x_wconf 77' lang='lat' dir='ltr'><strong>resecationem</strong></span> <span class='ocrx_word' id='word_1_60' title='bbox 940 1152 1041 1235; x_wconf 89' lang='lat' dir='ltr'><strong>ipsam</strong></span> <span class='ocrx_word' id='word_1_61' title='bbox 1063 1152 1289 1236; x_wconf 88' lang='lat' dir='ltr'><strong>quomodolibet</strong></span> 
     </span>
     <span class='ocr_line' id='line_1_9' title="bbox 54 1266 1287 1352; baseline 0.003 -22"><span class='ocrx_word' id='word_1_62' title='bbox 54 1270 125 1333; x_wconf 78' lang='lat' dir='ltr'><strong>eunt</strong></span> <span class='ocrx_word' id='word_1_63' title='bbox 146 1271 271 1346; x_wconf 60' lang='lat' dir='ltr'><strong>sutum,</strong></span> <span class='ocrx_word' id='word_1_64' title='bbox 295 1269 339 1333; x_wconf 85' lang='lat' dir='ltr'><strong>ita</strong></span> <span class='ocrx_word' id='word_1_65' title='bbox 362 1269 397 1333; x_wconf 93' lang='lat' dir='ltr'><strong>ut</strong></span> <span class='ocrx_word' id='word_1_66' title='bbox 419 1267 519 1335; x_wconf 90' lang='lat' dir='ltr'><strong>dictus</strong></span> <span class='ocrx_word' id='word_1_67' title='bbox 542 1268 637 1334; x_wconf 83' lang='lat' dir='ltr'><strong>obbas</strong></span> <span class='ocrx_word' id='word_1_68' title='bbox 660 1267 698 1334; x_wconf 90' lang='lat' dir='ltr'><strong>ed</strong></span> <span class='ocrx_word' id='word_1_69' title='bbox 722 1267 849 1334; x_wconf 83' lang='lat' dir='ltr'><strong>totalem</strong></span> <span class='ocrx_word' id='word_1_70' title='bbox 870 1266 1007 1352; x_wconf 91' lang='lat' dir='ltr'><strong>ipsarum</strong></span> <span class='ocrx_word' id='word_1_71' title='bbox 1022 1267 1195 1334; x_wconf 86' lang='lat' dir='ltr'><strong>litteramm</strong></span> <span class='ocrx_word' id='word_1_72' title='bbox 1217 1287 1287 1334; x_wconf 87' lang='lat' dir='ltr'><strong>ere·</strong></span> 
     </span>
     <span class='ocr_line' id='line_1_10' title="bbox 55 1383 1290 1468; baseline 0.004 -23"><span class='ocrx_word' id='word_1_73' title='bbox 55 1383 186 1450; x_wconf 77' lang='lat' dir='ltr'><strong>eudonem</strong></span> <span class='ocrx_word' id='word_1_74' title='bbox 210 1383 307 1451; x_wconf 89' lang='lat' dir='ltr'><strong>libere</strong></span> <span class='ocrx_word' id='word_1_75' title='bbox 328 1383 487 1467; x_wconf 88' lang='lat' dir='ltr'><strong>procedere</strong></span> <span class='ocrx_word' id='word_1_76' title='bbox 509 1383 608 1467; x_wconf 90' lang='lat' dir='ltr'><strong>possit</strong></span> <span class='ocrx_word' id='word_1_77' title='bbox 630 1384 664 1450; x_wconf 88' lang='lat' dir='ltr'><strong>iu</strong></span> <span class='ocrx_word' id='word_1_78' title='bbox 686 1383 836 1462; x_wconf 89' lang='lat' dir='ltr'><strong>omuibus,</strong></span> <span class='ocrx_word' id='word_1_79' title='bbox 859 1385 891 1449; x_wconf 91' lang='lat' dir='ltr'><strong>et</strong></span> <span class='ocrx_word' id='word_1_80' title='bbox 912 1401 966 1467; x_wconf 93' lang='lat' dir='ltr'><strong>per</strong></span> <span class='ocrx_word' id='word_1_81' title='bbox 980 1383 1091 1463; x_wconf 89' lang='lat' dir='ltr'><strong>omnia,</strong></span> <span class='ocrx_word' id='word_1_82' title='bbox 1114 1383 1238 1468; x_wconf 87' lang='lat' dir='ltr'><strong>perinde</strong></span> <span class='ocrx_word' id='word_1_83' title='bbox 1254 1402 1290 1450; x_wconf 90' lang='lat' dir='ltr'><strong>ac</strong></span> 
     </span>
     <span class='ocr_line' id='line_1_11' title="bbox 54 1497 1288 1598; baseline 0.003 -38"><span class='ocrx_word' id='word_1_84' title='bbox 54 1497 236 1582; x_wconf 85' lang='lat' dir='ltr'><strong>sirorocatie</strong></span> <span class='ocrx_word' id='word_1_85' title='bbox 259 1500 364 1566; x_wconf 89' lang='lat' dir='ltr'><strong>nestra</strong></span> <span class='ocrx_word' id='word_1_86' title='bbox 385 1498 541 1582; x_wconf 87' lang='lat' dir='ltr'><strong>praedicta</strong></span> <span class='ocrx_word' id='word_1_87' title='bbox 562 1499 738 1566; x_wconf 67' lang='lat' dir='ltr'><strong>nudaunns</strong></span> <span class='ocrx_word' id='word_1_88' title='bbox 762 1499 842 1566; x_wconf 86' lang='lat' dir='ltr'><strong>facte</strong></span> <span class='ocrx_word' id='word_1_89' title='bbox 863 1498 981 1577; x_wconf 82' lang='lat' dir='ltr'><strong>suisset,</strong></span> <span class='ocrx_word' id='word_1_90' title='bbox 1011 1499 1192 1566; x_wconf 86' lang='lat' dir='ltr'><strong>auctoritate</strong></span> <span class='ocrx_word' id='word_1_91' title='bbox 1213 1517 1288 1598; x_wconf 88' lang='lat' dir='ltr'><strong>epo-</strong></span> 
     </span>
     <span class='ocr_line' id='line_1_12' title="bbox 53 1613 1288 1704; baseline 0.003 -28"><span class='ocrx_word' id='word_1_92' title='bbox 53 1613 146 1680; x_wconf 87' lang='lat' dir='ltr'><strong>stolica</strong></span> <span class='ocrx_word' id='word_1_93' title='bbox 169 1617 271 1704; x_wconf 66' lang='lat' dir='ltr'><strong>boore</strong></span> <span class='ocrx_word' id='word_1_94' title='bbox 293 1615 500 1698; x_wconf 89' lang='lat' dir='ltr'><strong>praesentium</strong></span> <span class='ocrx_word' id='word_1_95' title='bbox 523 1615 723 1692; x_wconf 86' lang='lat' dir='ltr'><strong>restituimus,</strong></span> <span class='ocrx_word' id='word_1_96' title='bbox 753 1615 935 1698; x_wconf 86' lang='lat' dir='ltr'><strong>reponimus,</strong></span> <span class='ocrx_word' id='word_1_97' title='bbox 965 1616 997 1680; x_wconf 89' lang='lat' dir='ltr'><strong>et</strong></span> <span class='ocrx_word' id='word_1_98' title='bbox 1018 1614 1152 1698; x_wconf 85' lang='lat' dir='ltr'><strong>plenarie</strong></span> <span class='ocrx_word' id='word_1_99' title='bbox 1175 1615 1288 1680; x_wconf 82' lang='lat' dir='ltr'><strong>reinte-</strong></span> 
     </span>
     <span class='ocr_line' id='line_1_13' title="bbox 52 1729 1291 1814; baseline -0.002 -20"><span class='ocrx_word' id='word_1_100' title='bbox 52 1747 178 1809; x_wconf 78' lang='lat' dir='ltr'><strong>gremur,</strong></span> <span class='ocrx_word' id='word_1_101' title='bbox 208 1747 243 1794; x_wconf 87' lang='lat' dir='ltr'><strong>ae</strong></span> <span class='ocrx_word' id='word_1_102' title='bbox 265 1729 430 1813; x_wconf 84' lang='lat' dir='ltr'><strong>repositas,</strong></span> <span class='ocrx_word' id='word_1_103' title='bbox 460 1731 633 1807; x_wconf 83' lang='lat' dir='ltr'><strong>restitutas,</strong></span> <span class='ocrx_word' id='word_1_104' title='bbox 664 1731 695 1796; x_wconf 89' lang='lat' dir='ltr'><strong>et</strong></span> <span class='ocrx_word' id='word_1_105' title='bbox 718 1729 934 1814; x_wconf 78' lang='lat' dir='ltr'><strong>reintegratus,</strong></span> <span class='ocrx_word' id='word_1_106' title='bbox 965 1748 1081 1796; x_wconf 89' lang='lat' dir='ltr'><strong>necnon</strong></span> <span class='ocrx_word' id='word_1_107' title='bbox 1103 1729 1236 1806; x_wconf 80' lang='lat' dir='ltr'><strong>rabdos,</strong></span> <span class='ocrx_word' id='word_1_108' title='bbox 1259 1730 1291 1793; x_wconf 89' lang='lat' dir='ltr'><strong>et</strong></span> 
     </span>
     <span class='ocr_line' id='line_1_14' title="bbox 51 1843 1289 1929; baseline 0.003 -23"><span class='ocrx_word' id='word_1_109' title='bbox 51 1843 174 1910; x_wconf 86' lang='lat' dir='ltr'><strong>efficaces</strong></span> <span class='ocrx_word' id='word_1_110' title='bbox 188 1845 332 1919; x_wconf 71' lang='lat' dir='ltr'><strong>austere,</strong></span> <span class='ocrx_word' id='word_1_111' title='bbox 355 1863 472 1911; x_wconf 87' lang='lat' dir='ltr'><strong>necnon</strong></span> <span class='ocrx_word' id='word_1_112' title='bbox 487 1845 736 1929; x_wconf 79' lang='lat' dir='ltr'><strong>archiepiscopos,</strong></span> <span class='ocrx_word' id='word_1_113' title='bbox 759 1845 923 1929; x_wconf 89' lang='lat' dir='ltr'><strong>episcopos,</strong></span> <span class='ocrx_word' id='word_1_114' title='bbox 947 1845 1067 1923; x_wconf 90' lang='lat' dir='ltr'><strong>electos,</strong></span> <span class='ocrx_word' id='word_1_115' title='bbox 1090 1844 1289 1910; x_wconf 87' lang='lat' dir='ltr'><strong>administra·</strong></span> 
     </span>
     <span class='ocr_line' id='line_1_15' title="bbox 52 1959 1291 2045; baseline 0.003 -23"><span class='ocrx_word' id='word_1_116' title='bbox 52 1965 128 2037; x_wconf 90' lang='lat' dir='ltr'><strong>teres,</strong></span> <span class='ocrx_word' id='word_1_117' title='bbox 151 1960 284 2038; x_wconf 77' lang='lat' dir='ltr'><strong>abbates,</strong></span> <span class='ocrx_word' id='word_1_118' title='bbox 308 1959 489 2040; x_wconf 81' lang='lat' dir='ltr'><strong>abbatissas,</strong></span> <span class='ocrx_word' id='word_1_119' title='bbox 507 1962 681 2037; x_wconf 82' lang='lat' dir='ltr'><strong>conventus,</strong></span> <span class='ocrx_word' id='word_1_120' title='bbox 704 1959 986 2037; x_wconf 80' lang='lat' dir='ltr'><strong>commendatarios,</strong></span> <span class='ocrx_word' id='word_1_121' title='bbox 1008 1962 1040 2026; x_wconf 92' lang='lat' dir='ltr'><strong>et</strong></span> <span class='ocrx_word' id='word_1_122' title='bbox 1054 1961 1132 2026; x_wconf 89' lang='lat' dir='ltr'><strong>alias</strong></span> <span class='ocrx_word' id='word_1_123' title='bbox 1147 1978 1291 2045; x_wconf 87' lang='lat' dir='ltr'><strong>personas</strong></span> 
     </span>
     <span class='ocr_line' id='line_1_16' title="bbox 51 2074 1292 2160; baseline 0.002 -20"><span class='ocrx_word' id='word_1_124' title='bbox 51 2075 207 2155; x_wconf 83' lang='lat' dir='ltr'><strong>praedictas</strong></span> <span class='ocrx_word' id='word_1_125' title='bbox 231 2075 270 2140; x_wconf 86' lang='lat' dir='ltr'><strong>ad</strong></span> <span class='ocrx_word' id='word_1_126' title='bbox 293 2074 476 2142; x_wconf 89' lang='lat' dir='ltr'><strong>solutionem</strong></span> <span class='ocrx_word' id='word_1_127' title='bbox 499 2075 624 2160; x_wconf 74' lang='lat' dir='ltr'><strong>quotae</strong></span> <span class='ocrx_word' id='word_1_128' title='bbox 646 2075 743 2158; x_wconf 87' lang='lat' dir='ltr'><strong>portis</strong></span> <span class='ocrx_word' id='word_1_129' title='bbox 767 2074 904 2140; x_wconf 89' lang='lat' dir='ltr'><strong>omnium</strong></span> <span class='ocrx_word' id='word_1_130' title='bbox 928 2075 1082 2142; x_wconf 76' lang='lat' dir='ltr'><strong>uacuum</strong></span> <span class='ocrx_word' id='word_1_131' title='bbox 1104 2076 1195 2142; x_wconf 90' lang='lat' dir='ltr'><strong>unius</strong></span> <span class='ocrx_word' id='word_1_132' title='bbox 1218 2075 1292 2142; x_wconf 89' lang='lat' dir='ltr'><strong>anui</strong></span> 
     </span>
     <span class='ocr_line' id='line_1_17' title="bbox 50 2188 1289 2276; baseline 0.003 -22"><span class='ocrx_word' id='word_1_133' title='bbox 50 2188 152 2275; x_wconf 83' lang='lat' dir='ltr'><strong>integri</strong></span> <span class='ocrx_word' id='word_1_134' title='bbox 174 2191 278 2268; x_wconf 88' lang='lat' dir='ltr'><strong>teneri,</strong></span> <span class='ocrx_word' id='word_1_135' title='bbox 302 2192 333 2256; x_wconf 89' lang='lat' dir='ltr'><strong>et</strong></span> <span class='ocrx_word' id='word_1_136' title='bbox 354 2190 394 2256; x_wconf 87' lang='lat' dir='ltr'><strong>ad</strong></span> <span class='ocrx_word' id='word_1_137' title='bbox 416 2190 449 2257; x_wconf 93' lang='lat' dir='ltr'><strong>id</strong></span> <span class='ocrx_word' id='word_1_138' title='bbox 471 2193 538 2257; x_wconf 85' lang='lat' dir='ltr'><strong>tam</strong></span> <span class='ocrx_word' id='word_1_139' title='bbox 553 2191 754 2276; x_wconf 87' lang='lat' dir='ltr'><strong>posteriorum</strong></span> <span class='ocrx_word' id='word_1_140' title='bbox 777 2190 1008 2276; x_wconf 83' lang='lat' dir='ltr'><strong>praedictorum,</strong></span> <span class='ocrx_word' id='word_1_141' title='bbox 1032 2209 1124 2275; x_wconf 85' lang='lat' dir='ltr'><strong>quam</strong></span> <span class='ocrx_word' id='word_1_142' title='bbox 1146 2209 1289 2274; x_wconf 83' lang='lat' dir='ltr'><strong>praeseu-</strong></span> 
     </span>
     <span class='ocr_line' id='line_1_18' title="bbox 50 2303 1291 2392; baseline 0.004 -25"><span class='ocrx_word' id='word_1_143' title='bbox 50 2303 119 2370; x_wconf 90' lang='lat' dir='ltr'><strong>tium</strong></span> <span class='ocrx_word' id='word_1_144' title='bbox 142 2307 243 2392; x_wconf 82' lang='lat' dir='ltr'><strong>rigore</strong></span> <span class='ocrx_word' id='word_1_145' title='bbox 265 2325 318 2391; x_wconf 88' lang='lat' dir='ltr'><strong>per</strong></span> <span class='ocrx_word' id='word_1_146' title='bbox 341 2307 492 2383; x_wconf 84' lang='lat' dir='ltr'><strong>abbatem,</strong></span> <span class='ocrx_word' id='word_1_147' title='bbox 515 2307 547 2372; x_wconf 90' lang='lat' dir='ltr'><strong>st</strong></span> <span class='ocrx_word' id='word_1_148' title='bbox 569 2307 608 2371; x_wconf 87' lang='lat' dir='ltr'><strong>ab</strong></span> <span class='ocrx_word' id='word_1_149' title='bbox 623 2324 657 2372; x_wconf 95' lang='lat' dir='ltr'><strong>eo</strong></span> <span class='ocrx_word' id='word_1_150' title='bbox 680 2304 867 2390; x_wconf 87' lang='lat' dir='ltr'><strong>deputandos</strong></span> <span class='ocrx_word' id='word_1_151' title='bbox 891 2305 1042 2390; x_wconf 82' lang='lat' dir='ltr'><strong>praefatos</strong></span> <span class='ocrx_word' id='word_1_152' title='bbox 1065 2324 1118 2390; x_wconf 90' lang='lat' dir='ltr'><strong>per</strong></span> <span class='ocrx_word' id='word_1_153' title='bbox 1140 2323 1291 2382; x_wconf 86' lang='lat' dir='ltr'><strong>censuras,</strong></span> 
     </span>
     <span class='ocr_line' id='line_1_19' title="bbox 49 2420 1291 2506; baseline 0.003 -24"><span class='ocrx_word' id='word_1_154' title='bbox 49 2421 76 2482; x_wconf 93' lang='lat' dir='ltr'><strong>et</strong></span> <span class='ocrx_word' id='word_1_155' title='bbox 96 2439 203 2504; x_wconf 91' lang='lat' dir='ltr'><strong>poenas</strong></span> <span class='ocrx_word' id='word_1_156' title='bbox 225 2421 396 2506; x_wconf 84' lang='lat' dir='ltr'><strong>praedictas</strong></span> <span class='ocrx_word' id='word_1_157' title='bbox 420 2422 503 2505; x_wconf 84' lang='lat' dir='ltr'><strong>cogi,</strong></span> <span class='ocrx_word' id='word_1_158' title='bbox 534 2424 564 2486; x_wconf 87' lang='lat' dir='ltr'><strong>et</strong></span> <span class='ocrx_word' id='word_1_159' title='bbox 594 2420 735 2506; x_wconf 87' lang='lat' dir='ltr'><strong>compelli</strong></span> <span class='ocrx_word' id='word_1_160' title='bbox 757 2439 862 2504; x_wconf 91' lang='lat' dir='ltr'><strong>posse,</strong></span> <span class='ocrx_word' id='word_1_161' title='bbox 892 2423 922 2487; x_wconf 90' lang='lat' dir='ltr'><strong>et</strong></span> <span class='ocrx_word' id='word_1_162' title='bbox 944 2420 978 2487; x_wconf 91' lang='lat' dir='ltr'><strong>hi</strong></span> <span class='ocrx_word' id='word_1_163' title='bbox 1006 2440 1060 2505; x_wconf 90' lang='lat' dir='ltr'><strong>per</strong></span> <span class='ocrx_word' id='word_1_164' title='bbox 1088 2439 1291 2506; x_wconf 89' lang='lat' dir='ltr'><strong>quoscumque</strong></span> 
     </span>
     <span class='ocr_line' id='line_1_20' title="bbox 49 2532 1290 2620; baseline 0.002 -23"><span class='ocrx_word' id='word_1_165' title='bbox 49 2532 153 2602; x_wconf 82' lang='lat' dir='ltr'><strong>iudices</strong></span> <span class='ocrx_word' id='word_1_166' title='bbox 174 2537 281 2620; x_wconf 71' lang='lat' dir='ltr'><strong>quous</strong></span> <span class='ocrx_word' id='word_1_167' title='bbox 297 2537 485 2614; x_wconf 84' lang='lat' dir='ltr'><strong>auctoritate,</strong></span> <span class='ocrx_word' id='word_1_168' title='bbox 510 2537 631 2603; x_wconf 80' lang='lat' dir='ltr'><strong>sublata</strong></span> <span class='ocrx_word' id='word_1_169' title='bbox 654 2535 699 2603; x_wconf 89' lang='lat' dir='ltr'><strong>eis</strong></span> <span class='ocrx_word' id='word_1_170' title='bbox 722 2535 829 2620; x_wconf 84' lang='lat' dir='ltr'><strong>queris</strong></span> <span class='ocrx_word' id='word_1_171' title='bbox 853 2535 943 2602; x_wconf 77' lang='lat' dir='ltr'><strong>alitae</strong></span> <span class='ocrx_word' id='word_1_172' title='bbox 964 2535 1119 2604; x_wconf 87' lang='lat' dir='ltr'><strong>iudicandi</strong></span> <span class='ocrx_word' id='word_1_173' title='bbox 1141 2538 1172 2602; x_wconf 91' lang='lat' dir='ltr'><strong>et</strong></span> <span class='ocrx_word' id='word_1_174' title='bbox 1193 2536 1290 2604; x_wconf 92' lang='lat' dir='ltr'><strong>inter·</strong></span> 
     </span>
     <span class='ocr_line' id='line_1_21' title="bbox 49 2650 1290 2736; baseline 0.002 -22"><span class='ocrx_word' id='word_1_175' title='bbox 49 2650 177 2730; x_wconf 80' lang='lat' dir='ltr'><strong>pretendi</strong></span> <span class='ocrx_word' id='word_1_176' title='bbox 200 2651 355 2728; x_wconf 81' lang='lat' dir='ltr'><strong>facultate,</strong></span> <span class='ocrx_word' id='word_1_177' title='bbox 378 2654 409 2718; x_wconf 87' lang='lat' dir='ltr'><strong>et</strong></span> <span class='ocrx_word' id='word_1_178' title='bbox 432 2651 618 2732; x_wconf 66' lang='lat' dir='ltr'><strong>securitate,</strong></span> <span class='ocrx_word' id='word_1_179' title='bbox 642 2651 779 2729; x_wconf 86' lang='lat' dir='ltr'><strong>iudicari,</strong></span> <span class='ocrx_word' id='word_1_180' title='bbox 802 2654 833 2718; x_wconf 87' lang='lat' dir='ltr'><strong>et</strong></span> <span class='ocrx_word' id='word_1_181' title='bbox 855 2651 983 2718; x_wconf 84' lang='lat' dir='ltr'><strong>diffiniri</strong></span> <span class='ocrx_word' id='word_1_182' title='bbox 1005 2651 1128 2728; x_wconf 73' lang='lat' dir='ltr'><strong>debere,</strong></span> <span class='ocrx_word' id='word_1_183' title='bbox 1151 2671 1186 2716; x_wconf 90' lang='lat' dir='ltr'><strong>ec</strong></span> <span class='ocrx_word' id='word_1_184' title='bbox 1204 2651 1290 2736; x_wconf 90' lang='lat' dir='ltr'><strong>quic·</strong></span> 
     </span>
     <span class='ocr_line' id='line_1_22' title="bbox 47 2765 1291 2852; baseline 0.002 -22"><span class='ocrx_word' id='word_1_185' title='bbox 47 2765 115 2846; x_wconf 86' lang='lat' dir='ltr'><strong>quid</strong></span> <span class='ocrx_word' id='word_1_186' title='bbox 137 2786 220 2834; x_wconf 88' lang='lat' dir='ltr'><strong>secus</strong></span> <span class='ocrx_word' id='word_1_187' title='bbox 244 2785 335 2852; x_wconf 84' lang='lat' dir='ltr'><strong>super</strong></span> <span class='ocrx_word' id='word_1_188' title='bbox 357 2767 407 2832; x_wconf 91' lang='lat' dir='ltr'><strong>bis</strong></span> <span class='ocrx_word' id='word_1_189' title='bbox 430 2785 615 2852; x_wconf 85' lang='lat' dir='ltr'><strong>aquoquem</strong></span> <span class='ocrx_word' id='word_1_190' title='bbox 638 2766 745 2851; x_wconf 85' lang='lat' dir='ltr'><strong>queris</strong></span> <span class='ocrx_word' id='word_1_191' title='bbox 768 2765 948 2834; x_wconf 84' lang='lat' dir='ltr'><strong>auctoritate</strong></span> <span class='ocrx_word' id='word_1_192' title='bbox 971 2767 1109 2847; x_wconf 87' lang='lat' dir='ltr'><strong>scienter,</strong></span> <span class='ocrx_word' id='word_1_193' title='bbox 1131 2768 1180 2846; x_wconf 84' lang='lat' dir='ltr'><strong>vel</strong></span> <span class='ocrx_word' id='word_1_194' title='bbox 1202 2767 1291 2852; x_wconf 77' lang='lat' dir='ltr'><strong>igno-</strong></span> 
     </span>
     <span class='ocr_line' id='line_1_23' title="bbox 49 2881 1291 2966; baseline 0.006 -24"><span class='ocrx_word' id='word_1_195' title='bbox 49 2883 143 2947; x_wconf 83' lang='lat' dir='ltr'><strong>ranter</strong></span> <span class='ocrx_word' id='word_1_196' title='bbox 163 2883 326 2966; x_wconf 73' lang='lat' dir='ltr'><strong>mntigerit</strong></span> <span class='ocrx_word' id='word_1_197' title='bbox 349 2883 504 2960; x_wconf 85' lang='lat' dir='ltr'><strong>attentari,</strong></span> <span class='ocrx_word' id='word_1_198' title='bbox 527 2882 648 2948; x_wconf 91' lang='lat' dir='ltr'><strong>irritum</strong></span> <span class='ocrx_word' id='word_1_199' title='bbox 672 2884 703 2948; x_wconf 85' lang='lat' dir='ltr'><strong>et</strong></span> <span class='ocrx_word' id='word_1_200' title='bbox 726 2883 816 2948; x_wconf 80' lang='lat' dir='ltr'><strong>mane</strong></span> <span class='ocrx_word' id='word_1_201' title='bbox 839 2881 1038 2962; x_wconf 87' lang='lat' dir='ltr'><strong>decernimus,</strong></span> <span class='ocrx_word' id='word_1_202' title='bbox 1060 2901 1122 2950; x_wconf 91' lang='lat' dir='ltr'><strong>non</strong></span> <span class='ocrx_word' id='word_1_203' title='bbox 1139 2883 1291 2950; x_wconf 87' lang='lat' dir='ltr'><strong>obstanti·</strong></span> 
     </span>
     <span class='ocr_line' id='line_1_24' title="bbox 49 2995 1293 3081; baseline 0.003 -21"><span class='ocrx_word' id='word_1_204' title='bbox 49 2995 100 3060; x_wconf 88' lang='lat' dir='ltr'><strong>bus</strong></span> <span class='ocrx_word' id='word_1_205' title='bbox 124 2998 306 3080; x_wconf 86' lang='lat' dir='ltr'><strong>praemissis,</strong></span> <span class='ocrx_word' id='word_1_206' title='bbox 336 3017 372 3064; x_wconf 89' lang='lat' dir='ltr'><strong>ac</strong></span> <span class='ocrx_word' id='word_1_207' title='bbox 394 2997 671 3075; x_wconf 88' lang='lat' dir='ltr'><strong>constitutionibus,</strong></span> <span class='ocrx_word' id='word_1_208' title='bbox 701 2999 732 3062; x_wconf 91' lang='lat' dir='ltr'><strong>et</strong></span> <span class='ocrx_word' id='word_1_209' title='bbox 754 2997 995 3064; x_wconf 87' lang='lat' dir='ltr'><strong>ordinationibus</strong></span> <span class='ocrx_word' id='word_1_210' title='bbox 1024 2997 1209 3081; x_wconf 86' lang='lat' dir='ltr'><strong>apostolicis,</strong></span> <span class='ocrx_word' id='word_1_211' title='bbox 1238 3017 1293 3064; x_wconf 88' lang='lat' dir='ltr'><strong>nec</strong></span> 
     </span>
     <span class='ocr_line' id='line_1_25' title="bbox 50 3112 1293 3198; baseline 0.005 -24"><span class='ocrx_word' id='word_1_212' title='bbox 50 3128 107 3176; x_wconf 90' lang='lat' dir='ltr'><strong>nou</strong></span> <span class='ocrx_word' id='word_1_213' title='bbox 128 3113 267 3181; x_wconf 88' lang='lat' dir='ltr'><strong>omnibus</strong></span> <span class='ocrx_word' id='word_1_214' title='bbox 290 3113 364 3191; x_wconf 90' lang='lat' dir='ltr'><strong>illis,</strong></span> <span class='ocrx_word' id='word_1_215' title='bbox 388 3132 464 3197; x_wconf 87' lang='lat' dir='ltr'><strong>quae</strong></span> <span class='ocrx_word' id='word_1_216' title='bbox 485 3113 519 3178; x_wconf 91' lang='lat' dir='ltr'><strong>in</strong></span> <span class='ocrx_word' id='word_1_217' title='bbox 534 3112 753 3198; x_wconf 87' lang='lat' dir='ltr'><strong>posterioribus</strong></span> <span class='ocrx_word' id='word_1_218' title='bbox 777 3113 890 3179; x_wconf 88' lang='lat' dir='ltr'><strong>litteris</strong></span> <span class='ocrx_word' id='word_1_219' title='bbox 905 3112 1034 3178; x_wconf 78' lang='lat' dir='ltr'><strong>Adnani</strong></span> <span class='ocrx_word' id='word_1_220' title='bbox 1055 3113 1293 3198; x_wconf 83' lang='lat' dir='ltr'><strong>praedecessoris</strong></span> 
     </span>
     <span class='ocr_line' id='line_1_26' title="bbox 48 3225 1294 3313; baseline 0.005 -25"><span class='ocrx_word' id='word_1_221' title='bbox 48 3225 214 3296; x_wconf 83' lang='lat' dir='ltr'><strong>huiusmodi</strong></span> <span class='ocrx_word' id='word_1_222' title='bbox 243 3247 420 3296; x_wconf 87' lang='lat' dir='ltr'><strong>concessum</strong></span> <span class='ocrx_word' id='word_1_223' title='bbox 449 3228 509 3294; x_wconf 86' lang='lat' dir='ltr'><strong>fuit</strong></span> <span class='ocrx_word' id='word_1_224' title='bbox 537 3248 600 3295; x_wconf 88' lang='lat' dir='ltr'><strong>uon</strong></span> <span class='ocrx_word' id='word_1_225' title='bbox 627 3229 762 3309; x_wconf 85' lang='lat' dir='ltr'><strong>obstare,</strong></span> <span class='ocrx_word' id='word_1_226' title='bbox 786 3231 817 3295; x_wconf 87' lang='lat' dir='ltr'><strong>et</strong></span> <span class='ocrx_word' id='word_1_227' title='bbox 839 3246 915 3312; x_wconf 76' lang='lat' dir='ltr'><strong>quise</strong></span> <span class='ocrx_word' id='word_1_228' title='bbox 937 3247 991 3313; x_wconf 92' lang='lat' dir='ltr'><strong>pro</strong></span> <span class='ocrx_word' id='word_1_229' title='bbox 1021 3228 1158 3312; x_wconf 89' lang='lat' dir='ltr'><strong>repetitis</strong></span> <span class='ocrx_word' id='word_1_230' title='bbox 1188 3227 1294 3294; x_wconf 85' lang='lat' dir='ltr'><strong>heberi</strong></span> 
     </span>
     <span class='ocr_line' id='line_1_27' title="bbox 51 3341 1294 3430; baseline 0.006 -29"><span class='ocrx_word' id='word_1_231' title='bbox 51 3341 192 3424; x_wconf 78' lang='lat' dir='ltr'><strong>volumus,</strong></span> <span class='ocrx_word' id='word_1_232' title='bbox 207 3344 395 3430; x_wconf 85' lang='lat' dir='ltr'><strong>caeterisque</strong></span> <span class='ocrx_word' id='word_1_233' title='bbox 410 3344 571 3410; x_wconf 87' lang='lat' dir='ltr'><strong>contrariis</strong></span> <span class='ocrx_word' id='word_1_234' title='bbox 587 3344 834 3428; x_wconf 88' lang='lat' dir='ltr'><strong>quibuscumque.</strong></span> <span class='ocrx_word' id='word_1_235' title='bbox 872 3345 1076 3411; x_wconf 81' lang='lat' dir='ltr'><strong>Decernentss</strong></span> <span class='ocrx_word' id='word_1_236' title='bbox 1091 3345 1294 3428; x_wconf 86' lang='lat' dir='ltr'><strong>transumptis</strong></span> 
     </span>
    </p>
   </div>
   <div class='ocr_carea' id='block_1_3' title="bbox 50 3459 1407 3544">
    <p class='ocr_par' dir='ltr' id='par_1_3' title="bbox 50 3459 1407 3544">
     <span class='ocr_line' id='line_1_28' title="bbox 50 3459 1407 3544; baseline 0 -20"><span class='ocrx_word' id='word_1_237' title='bbox 50 3460 249 3536; x_wconf 83' lang='lat' dir='ltr'><strong>praesentium</strong></span> <span class='ocrx_word' id='word_1_238' title='bbox 272 3479 365 3526; x_wconf 86' lang='lat' dir='ltr'><strong>manu</strong></span> <span class='ocrx_word' id='word_1_239' title='bbox 395 3459 507 3526; x_wconf 87' lang='lat' dir='ltr'><strong>notarii</strong></span> <span class='ocrx_word' id='word_1_240' title='bbox 528 3459 644 3544; x_wconf 90' lang='lat' dir='ltr'><strong>publici</strong></span> <span class='ocrx_word' id='word_1_241' title='bbox 668 3459 857 3544; x_wconf 87' lang='lat' dir='ltr'><strong>subscriptis,</strong></span> <span class='ocrx_word' id='word_1_242' title='bbox 887 3460 918 3524; x_wconf 85' lang='lat' dir='ltr'><strong>et</strong></span> <span class='ocrx_word' id='word_1_243' title='bbox 941 3459 1044 3543; x_wconf 77' lang='lat' dir='ltr'><strong>sigillo</strong></span> <span class='ocrx_word' id='word_1_244' title='bbox 1072 3459 1200 3526; x_wconf 74' lang='lat' dir='ltr'><strong>alicuim</strong></span> <span class='ocrx_word' id='word_1_245' title='bbox 1222 3479 1292 3544; x_wconf 93' lang='lat' dir='ltr'><strong>per·</strong></span> <span class='ocrx_word' id='word_1_246' title='bbox 1404 3471 1407 3478; x_wconf 73' lang='grc'><strong>“</strong></span> 
     </span>
    </p>
   </div>
   <div class='ocr_carea' id='block_1_4' title="bbox 47 3573 1294 3998">
    <p class='ocr_par' dir='ltr' id='par_1_4' title="bbox 47 3573 1294 3998">
     <span class='ocr_line' id='line_1_29' title="bbox 48 3573 1294 3660; baseline 0.003 -24"><span class='ocrx_word' id='word_1_247' title='bbox 48 3589 135 3639; x_wconf 85' lang='lat' dir='ltr'><strong>sonae</strong></span> <span class='ocrx_word' id='word_1_248' title='bbox 147 3574 343 3660; x_wconf 77' lang='lat' dir='ltr'><strong>indignitate</strong></span> <span class='ocrx_word' id='word_1_249' title='bbox 352 3574 557 3642; x_wconf 85' lang='lat' dir='ltr'><strong>ecclesiastica</strong></span> <span class='ocrx_word' id='word_1_250' title='bbox 572 3574 755 3640; x_wconf 85' lang='lat' dir='ltr'><strong>constitutae</strong></span> <span class='ocrx_word' id='word_1_251' title='bbox 771 3573 908 3654; x_wconf 89' lang='lat' dir='ltr'><strong>munitis,</strong></span> <span class='ocrx_word' id='word_1_252' title='bbox 923 3574 1049 3640; x_wconf 71' lang='lat' dir='ltr'><strong>undem</strong></span> <span class='ocrx_word' id='word_1_253' title='bbox 1064 3593 1187 3658; x_wconf 91' lang='lat' dir='ltr'><strong>prorsus</strong></span> <span class='ocrx_word' id='word_1_254' title='bbox 1202 3574 1294 3640; x_wconf 88' lang='lat' dir='ltr'><strong>fidem</strong></span> 
     </span>
     <span class='ocr_line' id='line_1_30' title="bbox 52 3687 1292 3798; baseline 0.006 -49"><span class='ocrx_word' id='word_1_255' title='bbox 52 3687 157 3772; x_wconf 89' lang='lat' dir='ltr'><strong>ubique</strong></span> <span class='ocrx_word' id='word_1_256' title='bbox 178 3689 318 3757; x_wconf 89' lang='lat' dir='ltr'><strong>adbiberi</strong></span> <span class='ocrx_word' id='word_1_257' title='bbox 340 3689 456 3768; x_wconf 89' lang='lat' dir='ltr'><strong>debere,</strong></span> <span class='ocrx_word' id='word_1_258' title='bbox 480 3708 556 3774; x_wconf 87' lang='lat' dir='ltr'><strong>queo</strong></span> <span class='ocrx_word' id='word_1_259' title='bbox 579 3689 772 3772; x_wconf 81' lang='lat' dir='ltr'><strong>adhiberetur</strong></span> <span class='ocrx_word' id='word_1_260' title='bbox 794 3689 1015 3798; x_wconf 80' lang='lat' dir='ltr'><strong>praesentibus,</strong></span> <span class='ocrx_word' id='word_1_261' title='bbox 1038 3689 1186 3756; x_wconf 85' lang='lat' dir='ltr'><strong>silerent</strong></span> <span class='ocrx_word' id='word_1_262' title='bbox 1207 3690 1292 3756; x_wconf 87' lang='lat' dir='ltr'><strong>exbi-</strong></span> 
     </span>
     <span class='ocr_line' id='line_1_31' title="bbox 48 3801 1294 3880; baseline 0.006 -16"><span class='ocrx_word' id='word_1_263' title='bbox 48 3801 138 3880; x_wconf 81' lang='lat' dir='ltr'><strong>bitae,</strong></span> <span class='ocrx_word' id='word_1_264' title='bbox 168 3807 214 3872; x_wconf 83' lang='lat' dir='ltr'><strong>rel</strong></span> <span class='ocrx_word' id='word_1_265' title='bbox 243 3807 392 3872; x_wconf 65' lang='lat' dir='ltr'><strong>cswnsae.</strong></span> <span class='ocrx_word' id='word_1_266' title='bbox 438 3806 553 3872; x_wconf 87' lang='lat' dir='ltr'><strong>Datum</strong></span> <span class='ocrx_word' id='word_1_267' title='bbox 576 3807 692 3873; x_wconf 87' lang='lat' dir='ltr'><strong>Romae</strong></span> <span class='ocrx_word' id='word_1_268' title='bbox 721 3805 771 3872; x_wconf 90' lang='lat' dir='ltr'><strong>die</strong></span> <span class='ocrx_word' id='word_1_269' title='bbox 799 3825 845 3871; x_wconf 82' lang='lat' dir='ltr'><strong>rr.</strong></span> <span class='ocrx_word' id='word_1_270' title='bbox 868 3805 1009 3872; x_wconf 87' lang='lat' dir='ltr'><strong>Jenucrii</strong></span> <span class='ocrx_word' id='word_1_271' title='bbox 1030 3806 1161 3872; x_wconf 74' lang='lat' dir='ltr'><strong>munic.</strong></span> <span class='ocrx_word' id='word_1_272' title='bbox 1206 3808 1294 3872; x_wconf 82' lang='lat' dir='ltr'><strong>Anno</strong></span> 
     </span>
     <span class='ocr_line' id='line_1_32' title="bbox 47 3936 151 3998; baseline 0.01 -14"><span class='ocrx_word' id='word_1_273' title='bbox 47 3936 151 3998; x_wconf 88' lang='lat' dir='ltr'><strong>pnmo.</strong></span> 
     </span>
    </p>
   </div>
   <div class='ocr_carea' id='block_1_5' title="bbox 998 4144 1284 4237">
    <p class='ocr_par' dir='ltr' id='par_1_5' title="bbox 998 4144 1284 4237">
     <span class='ocr_line' id='line_1_33' title="bbox 998 4144 1284 4237; baseline -0.017 -15"><span class='ocrx_word' id='word_1_274' title='bbox 998 4151 1202 4237; x_wconf 68' lang='lat' dir='ltr'><strong>avangelista.</strong></span> <span class='ocrx_word' id='word_1_275' title='bbox 1279 4144 1284 4154; x_wconf 83' lang='lat'>&#39;</span> 
     </span>
    </p>
   </div>
   <div class='ocr_carea' id='block_1_6' title="bbox 0 0 1568 4908">
    <p class='ocr_par' dir='ltr' id='par_1_6' title="bbox 0 0 1568 4908">
     <span class='ocr_line' id='line_1_34' title="bbox 0 0 1568 4908; baseline 0 3"><span class='ocrx_word' id='word_1_276' title='bbox 0 0 1568 4908; x_wconf 95' lang='lat' dir='ltr'><strong> </strong></span> 
     </span>
    </p>
   </div>
  </div>
 </body>
</html>
