<?xml version="1.0" encoding="UTF-8"?>
<!DOCTYPE html PUBLIC "-//W3C//DTD XHTML 1.0 Transitional//EN"
    "http://www.w3.org/TR/xhtml1/DTD/xhtml1-transitional.dtd">
<html xmlns="http://www.w3.org/1999/xhtml" xml:lang="en" lang="en">
 <head>
  <title>
</title>
<meta http-equiv="Content-Type" content="text/html;charset=utf-8" />
  <meta name='ocr-system' content='tesseract 3.04.00' />
  <meta name='ocr-capabilities' content='ocr_page ocr_carea ocr_par ocr_line ocrx_word'/>
</head>
<body>
  <div class='ocr_page' id='page_1' title='image "./monumentasaecul00sadogoog_0226.png"; bbox 0 0 3128 4908; ppageno 0'>
   <div class='ocr_carea' id='block_1_1' title="bbox 588 299 834 376">
    <p class='ocr_par' dir='ltr' id='par_1_1' title="bbox 588 299 834 376">
     <span class='ocr_line' id='line_1_1' title="bbox 588 299 834 376; baseline 0.008 -22"><span class='ocrx_word' id='word_1_1' title='bbox 588 299 834 376; x_wconf 73' lang='lat' dir='ltr'><strong>..ppp-</strong></span> 
     </span>
    </p>
   </div>
   <div class='ocr_carea' id='block_1_2' title="bbox 78 496 1343 3594">
    <p class='ocr_par' dir='ltr' id='par_1_2' title="bbox 78 496 1343 3594">
     <span class='ocr_line' id='line_1_2' title="bbox 78 496 1335 586; baseline -0.002 -20"><span class='ocrx_word' id='word_1_2' title='bbox 78 500 181 566; x_wconf 90' lang='lat' dir='ltr'><strong>tornm</strong></span> <span class='ocrx_word' id='word_1_3' title='bbox 203 497 341 578; x_wconf 79' lang='lat' dir='ltr'><strong>consilia,</strong></span> <span class='ocrx_word' id='word_1_4' title='bbox 371 498 423 585; x_wconf 90' lang='lat' dir='ltr'><strong>qui</strong></span> <span class='ocrx_word' id='word_1_5' title='bbox 445 515 501 565; x_wconf 90' lang='lat' dir='ltr'><strong>nos</strong></span> <span class='ocrx_word' id='word_1_6' title='bbox 523 498 645 566; x_wconf 85' lang='lat' dir='ltr'><strong>nostras</strong></span> <span class='ocrx_word' id='word_1_7' title='bbox 666 497 831 586; x_wconf 76' lang='lat' dir='ltr'><strong>dignitatis</strong></span> <span class='ocrx_word' id='word_1_8' title='bbox 852 500 885 567; x_wconf 88' lang='lat' dir='ltr'><strong>st</strong></span> <span class='ocrx_word' id='word_1_9' title='bbox 905 496 1076 566; x_wconf 88' lang='lat' dir='ltr'><strong>communis</strong></span> <span class='ocrx_word' id='word_1_10' title='bbox 1097 496 1251 565; x_wconf 71' lang='lat' dir='ltr'><strong>libertatis</strong></span> <span class='ocrx_word' id='word_1_11' title='bbox 1277 515 1335 583; x_wconf 91' lang='lat' dir='ltr'><strong>pa·</strong></span> 
     </span>
     <span class='ocr_line' id='line_1_3' title="bbox 79 613 1337 699; baseline -0.002 -17"><span class='ocrx_word' id='word_1_12' title='bbox 79 613 247 682; x_wconf 72' lang='lat' dir='ltr'><strong>homnium</strong></span> <span class='ocrx_word' id='word_1_13' title='bbox 276 613 340 680; x_wconf 88' lang='lat' dir='ltr'><strong>acri</strong></span> <span class='ocrx_word' id='word_1_14' title='bbox 369 613 472 681; x_wconf 89' lang='lat' dir='ltr'><strong>animo</strong></span> <span class='ocrx_word' id='word_1_15' title='bbox 495 634 614 682; x_wconf 87' lang='lat' dir='ltr'><strong>sumcro</strong></span> <span class='ocrx_word' id='word_1_16' title='bbox 637 615 847 696; x_wconf 71' lang='lat' dir='ltr'><strong>hortabantur,</strong></span> <span class='ocrx_word' id='word_1_17' title='bbox 876 614 1006 682; x_wconf 88' lang='lat' dir='ltr'><strong>duorum</strong></span> <span class='ocrx_word' id='word_1_18' title='bbox 1034 613 1186 681; x_wconf 82' lang='lat' dir='ltr'><strong>mansium</strong></span> <span class='ocrx_word' id='word_1_19' title='bbox 1214 614 1337 699; x_wconf 84' lang='lat' dir='ltr'><strong>tempus</strong></span> 
     </span>
     <span class='ocr_line' id='line_1_4' title="bbox 80 727 1335 816; baseline -0.002 -20"><span class='ocrx_word' id='word_1_20' title='bbox 80 729 280 816; x_wconf 70' lang='lat' dir='ltr'><strong>sumpsimus,</strong></span> <span class='ocrx_word' id='word_1_21' title='bbox 302 747 362 815; x_wconf 91' lang='lat' dir='ltr'><strong>quo</strong></span> <span class='ocrx_word' id='word_1_22' title='bbox 376 747 566 814; x_wconf 76' lang='lat' dir='ltr'><strong>precaremur</strong></span> <span class='ocrx_word' id='word_1_23' title='bbox 589 731 620 796; x_wconf 88' lang='lat' dir='ltr'><strong>at</strong></span> <span class='ocrx_word' id='word_1_24' title='bbox 642 731 864 797; x_wconf 76' lang='lat' dir='ltr'><strong>obtestarcmur</strong></span> <span class='ocrx_word' id='word_1_25' title='bbox 886 730 987 814; x_wconf 91' lang='lat' dir='ltr'><strong>ipsum</strong></span> <span class='ocrx_word' id='word_1_26' title='bbox 1003 727 1162 798; x_wconf 74' lang='lat' dir='ltr'><strong>Caesarem</strong></span> <span class='ocrx_word' id='word_1_27' title='bbox 1186 730 1229 808; x_wconf 74' lang='lat' dir='ltr'><strong>ut,</strong></span> <span class='ocrx_word' id='word_1_28' title='bbox 1252 728 1335 796; x_wconf 91' lang='lat' dir='ltr'><strong>chri-</strong></span> 
     </span>
     <span class='ocr_line' id='line_1_5' title="bbox 81 844 1334 931; baseline -0.002 -19"><span class='ocrx_word' id='word_1_29' title='bbox 81 845 201 912; x_wconf 72' lang='lat' dir='ltr'><strong>manas</strong></span> <span class='ocrx_word' id='word_1_30' title='bbox 228 845 412 930; x_wconf 78' lang='lat' dir='ltr'><strong>reipublicae</strong></span> <span class='ocrx_word' id='word_1_31' title='bbox 441 844 493 911; x_wconf 78' lang='lat' dir='ltr'><strong>sliu</strong></span> <span class='ocrx_word' id='word_1_32' title='bbox 515 846 707 930; x_wconf 83' lang='lat' dir='ltr'><strong>multumque</strong></span> <span class='ocrx_word' id='word_1_33' title='bbox 737 845 869 912; x_wconf 84' lang='lat' dir='ltr'><strong>afflictas</strong></span> <span class='ocrx_word' id='word_1_34' title='bbox 893 863 1018 925; x_wconf 78' lang='lat' dir='ltr'><strong>memor,</strong></span> <span class='ocrx_word' id='word_1_35' title='bbox 1048 864 1104 912; x_wconf 89' lang='lat' dir='ltr'><strong>sua</strong></span> <span class='ocrx_word' id='word_1_36' title='bbox 1132 845 1270 931; x_wconf 80' lang='lat' dir='ltr'><strong>ingenita</strong></span> <span class='ocrx_word' id='word_1_37' title='bbox 1300 844 1334 911; x_wconf 91' lang='lat' dir='ltr'><strong>in</strong></span> 
     </span>
     <span class='ocr_line' id='line_1_6' title="bbox 82 959 1336 1047; baseline -0.002 -19"><span class='ocrx_word' id='word_1_38' title='bbox 82 980 242 1028; x_wconf 90' lang='lat' dir='ltr'><strong>summum</strong></span> <span class='ocrx_word' id='word_1_39' title='bbox 262 961 364 1028; x_wconf 80' lang='lat' dir='ltr'><strong>Donni</strong></span> <span class='ocrx_word' id='word_1_40' title='bbox 385 959 500 1047; x_wconf 78' lang='lat' dir='ltr'><strong>pictate</strong></span> <span class='ocrx_word' id='word_1_41' title='bbox 514 979 623 1028; x_wconf 78' lang='lat' dir='ltr'><strong>causas</strong></span> <span class='ocrx_word' id='word_1_42' title='bbox 645 979 792 1028; x_wconf 85' lang='lat' dir='ltr'><strong>nouorum</strong></span> <span class='ocrx_word' id='word_1_43' title='bbox 807 961 958 1029; x_wconf 78' lang='lat' dir='ltr'><strong>bellorum</strong></span> <span class='ocrx_word' id='word_1_44' title='bbox 980 978 1016 1027; x_wconf 86' lang='lat' dir='ltr'><strong>ac</strong></span> <span class='ocrx_word' id='word_1_45' title='bbox 1030 961 1220 1027; x_wconf 76' lang='lat' dir='ltr'><strong>tumultuum</strong></span> <span class='ocrx_word' id='word_1_46' title='bbox 1243 960 1336 1027; x_wconf 82' lang='lat' dir='ltr'><strong>schot</strong></span> 
     </span>
     <span class='ocr_line' id='line_1_7' title="bbox 81 1075 1336 1161; baseline 0 -19"><span class='ocrx_word' id='word_1_47' title='bbox 81 1075 207 1158; x_wconf 76' lang='lat' dir='ltr'><strong>aniona,</strong></span> <span class='ocrx_word' id='word_1_48' title='bbox 229 1076 431 1161; x_wconf 70' lang='lat' dir='ltr'><strong>restitutoque</strong></span> <span class='ocrx_word' id='word_1_49' title='bbox 453 1077 536 1144; x_wconf 86' lang='lat' dir='ltr'><strong>statu</strong></span> <span class='ocrx_word' id='word_1_50' title='bbox 551 1075 727 1158; x_wconf 78' lang='lat' dir='ltr'><strong>Mediolani,</strong></span> <span class='ocrx_word' id='word_1_51' title='bbox 750 1077 918 1144; x_wconf 81' lang='lat' dir='ltr'><strong>catcrcrum</strong></span> <span class='ocrx_word' id='word_1_52' title='bbox 933 1075 1052 1144; x_wconf 87' lang='lat' dir='ltr'><strong>animos</strong></span> <span class='ocrx_word' id='word_1_53' title='bbox 1073 1076 1210 1160; x_wconf 87' lang='lat' dir='ltr'><strong>placatos</strong></span> <span class='ocrx_word' id='word_1_54' title='bbox 1232 1077 1263 1143; x_wconf 93' lang='lat' dir='ltr'><strong>st</strong></span> <span class='ocrx_word' id='word_1_55' title='bbox 1287 1095 1336 1142; x_wconf 86' lang='lat' dir='ltr'><strong>sa·</strong></span> 
     </span>
     <span class='ocr_line' id='line_1_8' title="bbox 82 1191 1335 1277; baseline -0.002 -17"><span class='ocrx_word' id='word_1_56' title='bbox 82 1212 168 1260; x_wconf 89' lang='lat' dir='ltr'><strong>curos</strong></span> <span class='ocrx_word' id='word_1_57' title='bbox 191 1191 325 1274; x_wconf 73' lang='lat' dir='ltr'><strong>rodoara,</strong></span> <span class='ocrx_word' id='word_1_58' title='bbox 347 1191 428 1277; x_wconf 87' lang='lat' dir='ltr'><strong>quod</strong></span> <span class='ocrx_word' id='word_1_59' title='bbox 449 1210 511 1260; x_wconf 90' lang='lat' dir='ltr'><strong>non</strong></span> <span class='ocrx_word' id='word_1_60' title='bbox 525 1191 695 1260; x_wconf 85' lang='lat' dir='ltr'><strong>diffidimus</strong></span> <span class='ocrx_word' id='word_1_61' title='bbox 716 1192 808 1260; x_wconf 91' lang='lat' dir='ltr'><strong>illnm</strong></span> <span class='ocrx_word' id='word_1_62' title='bbox 830 1211 897 1260; x_wconf 87' lang='lat' dir='ltr'><strong>csso</strong></span> <span class='ocrx_word' id='word_1_63' title='bbox 912 1191 1080 1269; x_wconf 71' lang='lat' dir='ltr'><strong>nouum</strong></span> <span class='ocrx_word' id='word_1_64' title='bbox 1102 1193 1149 1260; x_wconf 90' lang='lat' dir='ltr'><strong>tot</strong></span> <span class='ocrx_word' id='word_1_65' title='bbox 1164 1193 1247 1258; x_wconf 86' lang='lat' dir='ltr'><strong>onim</strong></span> <span class='ocrx_word' id='word_1_66' title='bbox 1269 1191 1335 1258; x_wconf 87' lang='lat' dir='ltr'><strong>iam</strong></span> 
     </span>
     <span class='ocr_line' id='line_1_9' title="bbox 82 1307 1336 1395; baseline -0.002 -19"><span class='ocrx_word' id='word_1_67' title='bbox 82 1308 166 1376; x_wconf 83' lang='lat' dir='ltr'><strong>ladit</strong></span> <span class='ocrx_word' id='word_1_68' title='bbox 187 1307 302 1376; x_wconf 86' lang='lat' dir='ltr'><strong>iudicia</strong></span> <span class='ocrx_word' id='word_1_69' title='bbox 324 1307 396 1375; x_wconf 81' lang='lat' dir='ltr'><strong>hisi</strong></span> <span class='ocrx_word' id='word_1_70' title='bbox 417 1309 448 1374; x_wconf 86' lang='lat' dir='ltr'><strong>ct</strong></span> <span class='ocrx_word' id='word_1_71' title='bbox 469 1309 628 1395; x_wconf 82' lang='lat' dir='ltr'><strong>roligionis</strong></span> <span class='ocrx_word' id='word_1_72' title='bbox 652 1327 724 1376; x_wconf 84' lang='lat' dir='ltr'><strong>suas</strong></span> <span class='ocrx_word' id='word_1_73' title='bbox 747 1308 838 1375; x_wconf 90' lang='lat' dir='ltr'><strong>utin</strong></span> <span class='ocrx_word' id='word_1_74' title='bbox 859 1307 917 1375; x_wconf 88' lang='lat' dir='ltr'><strong>hcc</strong></span> <span class='ocrx_word' id='word_1_75' title='bbox 939 1327 971 1374; x_wconf 87' lang='lat' dir='ltr'><strong>ro</strong></span> <span class='ocrx_word' id='word_1_76' title='bbox 987 1309 1125 1375; x_wconf 89' lang='lat' dir='ltr'><strong>omnium</strong></span> <span class='ocrx_word' id='word_1_77' title='bbox 1148 1307 1282 1374; x_wconf 87' lang='lat' dir='ltr'><strong>maxima</strong></span> <span class='ocrx_word' id='word_1_78' title='bbox 1305 1309 1336 1376; x_wconf 87' lang='lat' dir='ltr'><strong>ct</strong></span> 
     </span>
     <span class='ocr_line' id='line_1_10' title="bbox 82 1423 1339 1509; baseline 0 -19"><span class='ocrx_word' id='word_1_79' title='bbox 82 1424 341 1508; x_wconf 74' lang='lat' dir='ltr'><strong>pauculosissima</strong></span> <span class='ocrx_word' id='word_1_80' title='bbox 362 1425 573 1491; x_wconf 88' lang='lat' dir='ltr'><strong>consulturum</strong></span> <span class='ocrx_word' id='word_1_81' title='bbox 588 1443 659 1492; x_wconf 88' lang='lat' dir='ltr'><strong>aum</strong></span> <span class='ocrx_word' id='word_1_82' title='bbox 681 1423 901 1492; x_wconf 78' lang='lat' dir='ltr'><strong>existimationi</strong></span> <span class='ocrx_word' id='word_1_83' title='bbox 916 1443 989 1492; x_wconf 84' lang='lat' dir='ltr'><strong>suaa</strong></span> <span class='ocrx_word' id='word_1_84' title='bbox 1011 1426 1043 1490; x_wconf 86' lang='lat' dir='ltr'><strong>ct</strong></span> <span class='ocrx_word' id='word_1_85' title='bbox 1064 1423 1219 1491; x_wconf 89' lang='lat' dir='ltr'><strong>communi</strong></span> <span class='ocrx_word' id='word_1_86' title='bbox 1241 1423 1339 1509; x_wconf 86' lang='lat' dir='ltr'><strong>quisti</strong></span> 
     </span>
     <span class='ocr_line' id='line_1_11' title="bbox 83 1539 1336 1626; baseline 0 -20"><span class='ocrx_word' id='word_1_87' title='bbox 83 1540 318 1608; x_wconf 78' lang='lat' dir='ltr'><strong>christianitatis</strong></span> <span class='ocrx_word' id='word_1_88' title='bbox 340 1558 401 1608; x_wconf 92' lang='lat' dir='ltr'><strong>non</strong></span> <span class='ocrx_word' id='word_1_89' title='bbox 429 1539 612 1608; x_wconf 83' lang='lat' dir='ltr'><strong>dubitamus.</strong></span> <span class='ocrx_word' id='word_1_90' title='bbox 659 1539 746 1621; x_wconf 81' lang='lat' dir='ltr'><strong>Quod</strong></span> <span class='ocrx_word' id='word_1_91' title='bbox 769 1540 797 1608; x_wconf 89' lang='lat' dir='ltr'><strong>ai</strong></span> <span class='ocrx_word' id='word_1_92' title='bbox 818 1559 855 1607; x_wconf 85' lang='lat' dir='ltr'><strong>ax</strong></span> <span class='ocrx_word' id='word_1_93' title='bbox 874 1539 930 1608; x_wconf 92' lang='lat' dir='ltr'><strong>illo</strong></span> <span class='ocrx_word' id='word_1_94' title='bbox 952 1539 1041 1607; x_wconf 88' lang='lat' dir='ltr'><strong>nohis</strong></span> <span class='ocrx_word' id='word_1_95' title='bbox 1065 1539 1146 1606; x_wconf 89' lang='lat' dir='ltr'><strong>sicut</strong></span> <span class='ocrx_word' id='word_1_96' title='bbox 1175 1555 1336 1626; x_wconf 72' lang='lat' dir='ltr'><strong>spaamns</strong></span> 
     </span>
     <span class='ocr_line' id='line_1_12' title="bbox 86 1655 1335 1741; baseline 0 -19"><span class='ocrx_word' id='word_1_97' title='bbox 86 1656 271 1736; x_wconf 67' lang='lat' dir='ltr'><strong>succcssarit,</strong></span> <span class='ocrx_word' id='word_1_98' title='bbox 294 1655 375 1722; x_wconf 92' lang='lat' dir='ltr'><strong>nihil</strong></span> <span class='ocrx_word' id='word_1_99' title='bbox 396 1657 445 1722; x_wconf 87' lang='lat' dir='ltr'><strong>ost</strong></span> <span class='ocrx_word' id='word_1_100' title='bbox 466 1655 500 1722; x_wconf 92' lang='lat' dir='ltr'><strong>in</strong></span> <span class='ocrx_word' id='word_1_101' title='bbox 522 1655 607 1723; x_wconf 91' lang='lat' dir='ltr'><strong>omni</strong></span> <span class='ocrx_word' id='word_1_102' title='bbox 628 1657 734 1723; x_wconf 89' lang='lat' dir='ltr'><strong>nostra</strong></span> <span class='ocrx_word' id='word_1_103' title='bbox 756 1655 902 1724; x_wconf 78' lang='lat' dir='ltr'><strong>houltata</strong></span> <span class='ocrx_word' id='word_1_104' title='bbox 925 1675 981 1724; x_wconf 87' lang='lat' dir='ltr'><strong>noc</strong></span> <span class='ocrx_word' id='word_1_105' title='bbox 999 1655 1156 1741; x_wconf 83' lang='lat' dir='ltr'><strong>spirituali</strong></span> <span class='ocrx_word' id='word_1_106' title='bbox 1176 1673 1233 1722; x_wconf 80' lang='lat' dir='ltr'><strong>nac</strong></span> <span class='ocrx_word' id='word_1_107' title='bbox 1254 1655 1335 1723; x_wconf 84' lang='lat' dir='ltr'><strong>tarn·</strong></span> 
     </span>
     <span class='ocr_line' id='line_1_13' title="bbox 86 1769 1338 1858; baseline 0.001 -21"><span class='ocrx_word' id='word_1_108' title='bbox 86 1771 189 1855; x_wconf 72' lang='lat' dir='ltr'><strong>parali,</strong></span> <span class='ocrx_word' id='word_1_109' title='bbox 219 1771 300 1857; x_wconf 86' lang='lat' dir='ltr'><strong>quod</strong></span> <span class='ocrx_word' id='word_1_110' title='bbox 328 1789 390 1838; x_wconf 91' lang='lat' dir='ltr'><strong>non</strong></span> <span class='ocrx_word' id='word_1_111' title='bbox 418 1769 467 1838; x_wconf 92' lang='lat' dir='ltr'><strong>illi</strong></span> <span class='ocrx_word' id='word_1_112' title='bbox 488 1773 521 1839; x_wconf 86' lang='lat' dir='ltr'><strong>at</strong></span> <span class='ocrx_word' id='word_1_113' title='bbox 541 1771 601 1840; x_wconf 89' lang='lat' dir='ltr'><strong>tibi</strong></span> <span class='ocrx_word' id='word_1_114' title='bbox 630 1773 662 1839; x_wconf 87' lang='lat' dir='ltr'><strong>st</strong></span> <span class='ocrx_word' id='word_1_115' title='bbox 690 1772 849 1840; x_wconf 80' lang='lat' dir='ltr'><strong>universas</strong></span> <span class='ocrx_word' id='word_1_116' title='bbox 879 1771 986 1840; x_wconf 85' lang='lat' dir='ltr'><strong>domui</strong></span> <span class='ocrx_word' id='word_1_117' title='bbox 1012 1771 1132 1838; x_wconf 75' lang='lat' dir='ltr'><strong>wstrao</strong></span> <span class='ocrx_word' id='word_1_118' title='bbox 1159 1772 1338 1858; x_wconf 86' lang='lat' dir='ltr'><strong>promptum</strong></span> 
     </span>
     <span class='ocr_line' id='line_1_14' title="bbox 87 1885 1338 1972; baseline 0.002 -20"><span class='ocrx_word' id='word_1_119' title='bbox 87 1887 273 1972; x_wconf 87' lang='lat' dir='ltr'><strong>otpnratum</strong></span> <span class='ocrx_word' id='word_1_120' title='bbox 295 1905 363 1954; x_wconf 86' lang='lat' dir='ltr'><strong>ossa</strong></span> <span class='ocrx_word' id='word_1_121' title='bbox 376 1885 524 1966; x_wconf 87' lang='lat' dir='ltr'><strong>rclimus;</strong></span> <span class='ocrx_word' id='word_1_122' title='bbox 547 1906 654 1954; x_wconf 80' lang='lat' dir='ltr'><strong>summ</strong></span> <span class='ocrx_word' id='word_1_123' title='bbox 669 1887 753 1955; x_wconf 86' lang='lat' dir='ltr'><strong>anim</strong></span> <span class='ocrx_word' id='word_1_124' title='bbox 774 1888 833 1955; x_wconf 92' lang='lat' dir='ltr'><strong>hoc</strong></span> <span class='ocrx_word' id='word_1_125' title='bbox 847 1889 928 1955; x_wconf 71' lang='lat' dir='ltr'><strong>caru</strong></span> <span class='ocrx_word' id='word_1_126' title='bbox 950 1886 1103 1954; x_wconf 86' lang='lat' dir='ltr'><strong>animost</strong></span> <span class='ocrx_word' id='word_1_127' title='bbox 1124 1906 1194 1954; x_wconf 90' lang='lat' dir='ltr'><strong>cum</strong></span> <span class='ocrx_word' id='word_1_128' title='bbox 1210 1885 1338 1954; x_wconf 84' lang='lat' dir='ltr'><strong>Ouasars</strong></span> 
     </span>
     <span class='ocr_line' id='line_1_15' title="bbox 87 2002 1339 2088; baseline 0.002 -22"><span class='ocrx_word' id='word_1_129' title='bbox 87 2003 116 2067; x_wconf 88' lang='lat' dir='ltr'><strong>ct</strong></span> <span class='ocrx_word' id='word_1_130' title='bbox 135 2005 237 2070; x_wconf 81' lang='lat' dir='ltr'><strong>lacum</strong></span> <span class='ocrx_word' id='word_1_131' title='bbox 259 2002 419 2088; x_wconf 87' lang='lat' dir='ltr'><strong>cupiamus</strong></span> <span class='ocrx_word' id='word_1_132' title='bbox 447 2021 515 2070; x_wconf 86' lang='lat' dir='ltr'><strong>asso</strong></span> <span class='ocrx_word' id='word_1_133' title='bbox 536 2003 622 2071; x_wconf 89' lang='lat' dir='ltr'><strong>omui</strong></span> <span class='ocrx_word' id='word_1_134' title='bbox 643 2003 765 2070; x_wconf 80' lang='lat' dir='ltr'><strong>rinmlo</strong></span> <span class='ocrx_word' id='word_1_135' title='bbox 787 2003 901 2070; x_wconf 85' lang='lat' dir='ltr'><strong>amoris</strong></span> <span class='ocrx_word' id='word_1_136' title='bbox 924 2003 1040 2071; x_wconf 84' lang='lat' dir='ltr'><strong>actarni</strong></span> <span class='ocrx_word' id='word_1_137' title='bbox 1062 2004 1094 2070; x_wconf 87' lang='lat' dir='ltr'><strong>ot</strong></span> <span class='ocrx_word' id='word_1_138' title='bbox 1115 2002 1339 2071; x_wconf 86' lang='lat' dir='ltr'><strong>indissolubilis</strong></span> 
     </span>
     <span class='ocr_line' id='line_1_16' title="bbox 87 2116 1340 2205; baseline 0.001 -21"><span class='ocrx_word' id='word_1_139' title='bbox 87 2117 245 2186; x_wconf 90' lang='lat' dir='ltr'><strong>coniuncti.</strong></span> <span class='ocrx_word' id='word_1_140' title='bbox 291 2116 374 2200; x_wconf 75' lang='lat' dir='ltr'><strong>Quas</strong></span> <span class='ocrx_word' id='word_1_141' title='bbox 396 2117 578 2199; x_wconf 89' lang='lat' dir='ltr'><strong>coniunctio,</strong></span> <span class='ocrx_word' id='word_1_142' title='bbox 601 2118 629 2184; x_wconf 85' lang='lat' dir='ltr'><strong>ai</strong></span> <span class='ocrx_word' id='word_1_143' title='bbox 651 2118 691 2184; x_wconf 80' lang='lat' dir='ltr'><strong>acl</strong></span> <span class='ocrx_word' id='word_1_144' title='bbox 712 2137 761 2186; x_wconf 88' lang='lat' dir='ltr'><strong>ras</strong></span> <span class='ocrx_word' id='word_1_145' title='bbox 792 2118 903 2205; x_wconf 76' lang='lat' dir='ltr'><strong>dignm</strong></span> <span class='ocrx_word' id='word_1_146' title='bbox 926 2121 1029 2186; x_wconf 85' lang='lat' dir='ltr'><strong>rostra</strong></span> <span class='ocrx_word' id='word_1_147' title='bbox 1050 2119 1150 2204; x_wconf 81' lang='lat' dir='ltr'><strong>gloria</strong></span> <span class='ocrx_word' id='word_1_148' title='bbox 1171 2120 1203 2186; x_wconf 86' lang='lat' dir='ltr'><strong>at</strong></span> <span class='ocrx_word' id='word_1_149' title='bbox 1224 2118 1340 2203; x_wconf 83' lang='lat' dir='ltr'><strong>pietata</strong></span> 
     </span>
     <span class='ocr_line' id='line_1_17' title="bbox 88 2232 1340 2324; baseline 0.001 -24"><span class='ocrx_word' id='word_1_150' title='bbox 88 2232 302 2324; x_wconf 69' lang='lat' dir='ltr'><strong>aspiravcritia</strong></span> <span class='ocrx_word' id='word_1_151' title='bbox 326 2235 361 2301; x_wconf 92' lang='lat' dir='ltr'><strong>ut</strong></span> <span class='ocrx_word' id='word_1_152' title='bbox 383 2233 576 2314; x_wconf 82' lang='lat' dir='ltr'><strong>arbitramur,</strong></span> <span class='ocrx_word' id='word_1_153' title='bbox 598 2233 685 2301; x_wconf 83' lang='lat' dir='ltr'><strong>robis</strong></span> <span class='ocrx_word' id='word_1_154' title='bbox 708 2234 767 2301; x_wconf 89' lang='lat' dir='ltr'><strong>crit</strong></span> <span class='ocrx_word' id='word_1_155' title='bbox 783 2233 938 2320; x_wconf 86' lang='lat' dir='ltr'><strong>imprimis</strong></span> <span class='ocrx_word' id='word_1_156' title='bbox 961 2234 1131 2313; x_wconf 75' lang='lat' dir='ltr'><strong>huctuosc3</strong></span> <span class='ocrx_word' id='word_1_157' title='bbox 1154 2234 1234 2301; x_wconf 88' lang='lat' dir='ltr'><strong>nihil</strong></span> <span class='ocrx_word' id='word_1_158' title='bbox 1255 2233 1340 2301; x_wconf 86' lang='lat' dir='ltr'><strong>onim</strong></span> 
     </span>
     <span class='ocr_line' id='line_1_18' title="bbox 89 2347 1340 2435; baseline 0.002 -21"><span class='ocrx_word' id='word_1_159' title='bbox 89 2349 151 2414; x_wconf 88' lang='lat' dir='ltr'><strong>tarn</strong></span> <span class='ocrx_word' id='word_1_160' title='bbox 179 2349 383 2435; x_wconf 84' lang='lat' dir='ltr'><strong>magnumst</strong></span> <span class='ocrx_word' id='word_1_161' title='bbox 411 2347 549 2435; x_wconf 89' lang='lat' dir='ltr'><strong>amplum</strong></span> <span class='ocrx_word' id='word_1_162' title='bbox 572 2349 629 2430; x_wconf 79' lang='lat' dir='ltr'><strong>cst</strong></span> <span class='ocrx_word' id='word_1_163' title='bbox 658 2349 749 2417; x_wconf 85' lang='lat' dir='ltr'><strong>modo</strong></span> <span class='ocrx_word' id='word_1_164' title='bbox 777 2349 860 2418; x_wconf 85' lang='lat' dir='ltr'><strong>idom</strong></span> <span class='ocrx_word' id='word_1_165' title='bbox 883 2349 926 2416; x_wconf 89' lang='lat' dir='ltr'><strong>sit</strong></span> <span class='ocrx_word' id='word_1_166' title='bbox 948 2349 1168 2418; x_wconf 81' lang='lat' dir='ltr'><strong>christianitati</strong></span> <span class='ocrx_word' id='word_1_167' title='bbox 1198 2349 1340 2430; x_wconf 63' lang='lat' dir='ltr'><strong>souare,</strong></span> 
     </span>
     <span class='ocr_line' id='line_1_19' title="bbox 89 2463 1340 2551; baseline 0.003 -21"><span class='ocrx_word' id='word_1_168' title='bbox 89 2463 167 2546; x_wconf 85' lang='lat' dir='ltr'><strong>quod</strong></span> <span class='ocrx_word' id='word_1_169' title='bbox 186 2482 248 2532; x_wconf 89' lang='lat' dir='ltr'><strong>non</strong></span> <span class='ocrx_word' id='word_1_170' title='bbox 262 2463 372 2531; x_wconf 76' lang='lat' dir='ltr'><strong>virtuti</strong></span> <span class='ocrx_word' id='word_1_171' title='bbox 392 2465 424 2532; x_wconf 90' lang='lat' dir='ltr'><strong>ct</strong></span> <span class='ocrx_word' id='word_1_172' title='bbox 445 2464 554 2533; x_wconf 90' lang='lat' dir='ltr'><strong>honori</strong></span> <span class='ocrx_word' id='word_1_173' title='bbox 568 2465 670 2531; x_wconf 88' lang='lat' dir='ltr'><strong>rostro</strong></span> <span class='ocrx_word' id='word_1_174' title='bbox 691 2465 839 2551; x_wconf 87' lang='lat' dir='ltr'><strong>tanquam</strong></span> <span class='ocrx_word' id='word_1_175' title='bbox 855 2467 1065 2533; x_wconf 78' lang='lat' dir='ltr'><strong>consecratum</strong></span> <span class='ocrx_word' id='word_1_176' title='bbox 1087 2483 1154 2533; x_wconf 86' lang='lat' dir='ltr'><strong>assa</strong></span> <span class='ocrx_word' id='word_1_177' title='bbox 1172 2465 1340 2550; x_wconf 89' lang='lat' dir='ltr'><strong>cupiamus.</strong></span> 
     </span>
     <span class='ocr_line' id='line_1_20' title="bbox 91 2577 1341 2665; baseline 0.004 -20"><span class='ocrx_word' id='word_1_178' title='bbox 91 2578 202 2646; x_wconf 85' lang='lat' dir='ltr'><strong>Varum</strong></span> <span class='ocrx_word' id='word_1_179' title='bbox 224 2579 259 2646; x_wconf 92' lang='lat' dir='ltr'><strong>in</strong></span> <span class='ocrx_word' id='word_1_180' title='bbox 279 2577 330 2646; x_wconf 90' lang='lat' dir='ltr'><strong>his</strong></span> <span class='ocrx_word' id='word_1_181' title='bbox 352 2580 523 2647; x_wconf 74' lang='lat' dir='ltr'><strong>necessario</strong></span> <span class='ocrx_word' id='word_1_182' title='bbox 537 2580 673 2665; x_wconf 90' lang='lat' dir='ltr'><strong>primum</strong></span> <span class='ocrx_word' id='word_1_183' title='bbox 695 2580 775 2647; x_wconf 82' lang='lat' dir='ltr'><strong>illud</strong></span> <span class='ocrx_word' id='word_1_184' title='bbox 788 2581 844 2660; x_wconf 79' lang='lat' dir='ltr'><strong>cst</strong></span> <span class='ocrx_word' id='word_1_185' title='bbox 867 2583 902 2648; x_wconf 90' lang='lat' dir='ltr'><strong>ut</strong></span> <span class='ocrx_word' id='word_1_186' title='bbox 923 2581 1061 2648; x_wconf 73' lang='lat' dir='ltr'><strong>libertati</strong></span> <span class='ocrx_word' id='word_1_187' title='bbox 1076 2583 1107 2650; x_wconf 88' lang='lat' dir='ltr'><strong>at</strong></span> <span class='ocrx_word' id='word_1_188' title='bbox 1122 2581 1217 2649; x_wconf 88' lang='lat' dir='ltr'><strong>saluti</strong></span> <span class='ocrx_word' id='word_1_189' title='bbox 1231 2582 1341 2650; x_wconf 83' lang='lat' dir='ltr'><strong>Italiac</strong></span> 
     </span>
     <span class='ocr_line' id='line_1_21' title="bbox 92 2694 1342 2783; baseline 0.002 -22"><span class='ocrx_word' id='word_1_190' title='bbox 92 2695 212 2780; x_wconf 79' lang='lat' dir='ltr'><strong>pacique</strong></span> <span class='ocrx_word' id='word_1_191' title='bbox 241 2694 478 2763; x_wconf 81' lang='lat' dir='ltr'><strong>christianitatis</strong></span> <span class='ocrx_word' id='word_1_192' title='bbox 507 2697 613 2764; x_wconf 89' lang='lat' dir='ltr'><strong>nostra</strong></span> <span class='ocrx_word' id='word_1_193' title='bbox 637 2697 679 2764; x_wconf 92' lang='lat' dir='ltr'><strong>sit</strong></span> <span class='ocrx_word' id='word_1_194' title='bbox 700 2698 808 2782; x_wconf 89' lang='lat' dir='ltr'><strong>parata</strong></span> <span class='ocrx_word' id='word_1_195' title='bbox 836 2698 978 2764; x_wconf 82' lang='lat' dir='ltr'><strong>voluntas</strong></span> <span class='ocrx_word' id='word_1_196' title='bbox 1001 2699 1034 2766; x_wconf 88' lang='lat' dir='ltr'><strong>at</strong></span> <span class='ocrx_word' id='word_1_197' title='bbox 1054 2699 1212 2783; x_wconf 78' lang='lat' dir='ltr'><strong>protectio.</strong></span> <span class='ocrx_word' id='word_1_198' title='bbox 1257 2694 1342 2779; x_wconf 81' lang='lat' dir='ltr'><strong>Quas</strong></span> 
     </span>
     <span class='ocr_line' id='line_1_22' title="bbox 92 2810 1340 2895; baseline 0.006 -21"><span class='ocrx_word' id='word_1_199' title='bbox 92 2810 188 2876; x_wconf 84' lang='lat' dir='ltr'><strong>rastra</strong></span> <span class='ocrx_word' id='word_1_200' title='bbox 209 2811 362 2895; x_wconf 80' lang='lat' dir='ltr'><strong>acquitate</strong></span> <span class='ocrx_word' id='word_1_201' title='bbox 384 2811 485 2878; x_wconf 87' lang='lat' dir='ltr'><strong>iacilis</strong></span> <span class='ocrx_word' id='word_1_202' title='bbox 500 2811 603 2877; x_wconf 72' lang='lat' dir='ltr'><strong>futura</strong></span> <span class='ocrx_word' id='word_1_203' title='bbox 625 2813 681 2880; x_wconf 81' lang='lat' dir='ltr'><strong>cst</strong></span> <span class='ocrx_word' id='word_1_204' title='bbox 727 2810 828 2894; x_wconf 81' lang='lat' dir='ltr'><strong>Quam</strong></span> <span class='ocrx_word' id='word_1_205' title='bbox 849 2814 948 2880; x_wconf 87' lang='lat' dir='ltr'><strong>totam</strong></span> <span class='ocrx_word' id='word_1_206' title='bbox 964 2815 1101 2881; x_wconf 61' lang='lat' dir='ltr'><strong>monum</strong></span> <span class='ocrx_word' id='word_1_207' title='bbox 1123 2816 1261 2882; x_wconf 89' lang='lat' dir='ltr'><strong>nostram</strong></span> <span class='ocrx_word' id='word_1_208' title='bbox 1283 2831 1340 2881; x_wconf 90' lang='lat' dir='ltr'><strong>no·</strong></span> 
     </span>
     <span class='ocr_line' id='line_1_23' title="bbox 92 2922 1342 3014; baseline 0.006 -26"><span class='ocrx_word' id='word_1_209' title='bbox 92 2922 203 2990; x_wconf 84' lang='lat' dir='ltr'><strong>bilitati</strong></span> <span class='ocrx_word' id='word_1_210' title='bbox 216 2927 287 2992; x_wconf 86' lang='lat' dir='ltr'><strong>tuas</strong></span> <span class='ocrx_word' id='word_1_211' title='bbox 302 2926 457 2993; x_wconf 84' lang='lat' dir='ltr'><strong>voluimus</strong></span> <span class='ocrx_word' id='word_1_212' title='bbox 479 2946 546 2994; x_wconf 85' lang='lat' dir='ltr'><strong>csso</strong></span> <span class='ocrx_word' id='word_1_213' title='bbox 568 2928 683 3008; x_wconf 85' lang='lat' dir='ltr'><strong>notam,</strong></span> <span class='ocrx_word' id='word_1_214' title='bbox 706 2929 742 2994; x_wconf 88' lang='lat' dir='ltr'><strong>ut</strong></span> <span class='ocrx_word' id='word_1_215' title='bbox 755 2927 823 3012; x_wconf 88' lang='lat' dir='ltr'><strong>ipsa</strong></span> <span class='ocrx_word' id='word_1_216' title='bbox 838 2931 870 2994; x_wconf 88' lang='lat' dir='ltr'><strong>ot</strong></span> <span class='ocrx_word' id='word_1_217' title='bbox 885 2929 998 2996; x_wconf 88' lang='lat' dir='ltr'><strong>santirs</strong></span> <span class='ocrx_word' id='word_1_218' title='bbox 1020 2928 1058 2996; x_wconf 86' lang='lat' dir='ltr'><strong>dc</strong></span> <span class='ocrx_word' id='word_1_219' title='bbox 1073 2929 1163 2997; x_wconf 90' lang='lat' dir='ltr'><strong>nobis</strong></span> <span class='ocrx_word' id='word_1_220' title='bbox 1177 2930 1342 3014; x_wconf 84' lang='lat' dir='ltr'><strong>nostraquo</strong></span> 
     </span>
     <span class='ocr_line' id='line_1_24' title="bbox 94 3040 1342 3129; baseline 0.006 -25"><span class='ocrx_word' id='word_1_221' title='bbox 94 3040 338 3108; x_wconf 89' lang='lat' dir='ltr'><strong>constantissima</strong></span> <span class='ocrx_word' id='word_1_222' title='bbox 361 3042 517 3110; x_wconf 80' lang='lat' dir='ltr'><strong>voluntate</strong></span> <span class='ocrx_word' id='word_1_223' title='bbox 532 3041 612 3127; x_wconf 84' lang='lat' dir='ltr'><strong>quod</strong></span> <span class='ocrx_word' id='word_1_224' title='bbox 628 3042 819 3110; x_wconf 79' lang='lat' dir='ltr'><strong>sentiendum</strong></span> <span class='ocrx_word' id='word_1_225' title='bbox 835 3045 891 3124; x_wconf 85' lang='lat' dir='ltr'><strong>ast,</strong></span> <span class='ocrx_word' id='word_1_226' title='bbox 914 3046 946 3111; x_wconf 85' lang='lat' dir='ltr'><strong>ot</strong></span> <span class='ocrx_word' id='word_1_227' title='bbox 960 3044 1049 3112; x_wconf 89' lang='lat' dir='ltr'><strong>falsis</strong></span> <span class='ocrx_word' id='word_1_228' title='bbox 1065 3064 1154 3129; x_wconf 85' lang='lat' dir='ltr'><strong>sacpc</strong></span> <span class='ocrx_word' id='word_1_229' title='bbox 1169 3045 1342 3112; x_wconf 86' lang='lat' dir='ltr'><strong>rumoribus</strong></span> 
     </span>
     <span class='ocr_line' id='line_1_25' title="bbox 94 3151 1341 3244; baseline 0.009 -26"><span class='ocrx_word' id='word_1_230' title='bbox 94 3151 234 3241; x_wconf 80' lang='lat' dir='ltr'><strong>dmagars</strong></span> <span class='ocrx_word' id='word_1_231' title='bbox 256 3157 349 3224; x_wconf 81' lang='lat' dir='ltr'><strong>fidum</strong></span> <span class='ocrx_word' id='word_1_232' title='bbox 363 3157 470 3242; x_wconf 89' lang='lat' dir='ltr'><strong>possit.</strong></span> <span class='ocrx_word' id='word_1_233' title='bbox 508 3157 591 3224; x_wconf 84' lang='lat' dir='ltr'><strong>Illud</strong></span> <span class='ocrx_word' id='word_1_234' title='bbox 606 3157 729 3244; x_wconf 85' lang='lat' dir='ltr'><strong>quidam</strong></span> <span class='ocrx_word' id='word_1_235' title='bbox 745 3160 861 3226; x_wconf 73' lang='lat' dir='ltr'><strong>noh.tem</strong></span> <span class='ocrx_word' id='word_1_236' title='bbox 877 3161 964 3226; x_wconf 86' lang='lat' dir='ltr'><strong>tuam</strong></span> <span class='ocrx_word' id='word_1_237' title='bbox 979 3160 1138 3228; x_wconf 87' lang='lat' dir='ltr'><strong>hortamur</strong></span> <span class='ocrx_word' id='word_1_238' title='bbox 1152 3160 1184 3228; x_wconf 91' lang='lat' dir='ltr'><strong>in</strong></span> <span class='ocrx_word' id='word_1_239' title='bbox 1200 3161 1341 3242; x_wconf 82' lang='lat' dir='ltr'><strong>Domino,</strong></span> 
     </span>
     <span class='ocr_line' id='line_1_26' title="bbox 95 3267 1341 3362; baseline 0.006 -28"><span class='ocrx_word' id='word_1_240' title='bbox 95 3267 123 3333; x_wconf 92' lang='lat' dir='ltr'><strong>si</strong></span> <span class='ocrx_word' id='word_1_241' title='bbox 144 3273 274 3338; x_wconf 89' lang='lat' dir='ltr'><strong>nostrum</strong></span> <span class='ocrx_word' id='word_1_242' title='bbox 289 3273 453 3338; x_wconf 87' lang='lat' dir='ltr'><strong>consilium</strong></span> <span class='ocrx_word' id='word_1_243' title='bbox 475 3291 604 3358; x_wconf 87' lang='lat' dir='ltr'><strong>asqunm</strong></span> <span class='ocrx_word' id='word_1_244' title='bbox 627 3275 659 3340; x_wconf 90' lang='lat' dir='ltr'><strong>ct</strong></span> <span class='ocrx_word' id='word_1_245' title='bbox 680 3274 767 3358; x_wconf 92' lang='lat' dir='ltr'><strong>pium</strong></span> <span class='ocrx_word' id='word_1_246' title='bbox 782 3293 849 3340; x_wconf 83' lang='lat' dir='ltr'><strong>asso</strong></span> <span class='ocrx_word' id='word_1_247' title='bbox 862 3274 1022 3362; x_wconf 73' lang='lat' dir='ltr'><strong>intelligis,</strong></span> <span class='ocrx_word' id='word_1_248' title='bbox 1045 3276 1121 3342; x_wconf 87' lang='lat' dir='ltr'><strong>selis</strong></span> <span class='ocrx_word' id='word_1_249' title='bbox 1137 3276 1237 3343; x_wconf 83' lang='lat' dir='ltr'><strong>favars</strong></span> <span class='ocrx_word' id='word_1_250' title='bbox 1252 3277 1341 3344; x_wconf 91' lang='lat' dir='ltr'><strong>nobis</strong></span> 
     </span>
     <span class='ocr_line' id='line_1_27' title="bbox 95 3384 1343 3478; baseline 0.01 -31"><span class='ocrx_word' id='word_1_251' title='bbox 95 3384 128 3448; x_wconf 85' lang='lat' dir='ltr'><strong>at</strong></span> <span class='ocrx_word' id='word_1_252' title='bbox 141 3386 284 3466; x_wconf 66' lang='lat' dir='ltr'><strong>assistas,</strong></span> <span class='ocrx_word' id='word_1_253' title='bbox 304 3389 340 3452; x_wconf 89' lang='lat' dir='ltr'><strong>ut</strong></span> <span class='ocrx_word' id='word_1_254' title='bbox 354 3389 408 3454; x_wconf 87' lang='lat' dir='ltr'><strong>tua</strong></span> <span class='ocrx_word' id='word_1_255' title='bbox 424 3389 604 3456; x_wconf 81' lang='lat' dir='ltr'><strong>auctoritato</strong></span> <span class='ocrx_word' id='word_1_256' title='bbox 619 3389 846 3471; x_wconf 75' lang='lat' dir='ltr'><strong>interveniente,</strong></span> <span class='ocrx_word' id='word_1_257' title='bbox 861 3409 919 3476; x_wconf 86' lang='lat' dir='ltr'><strong>pax</strong></span> <span class='ocrx_word' id='word_1_258' title='bbox 935 3393 966 3458; x_wconf 86' lang='lat' dir='ltr'><strong>at</strong></span> <span class='ocrx_word' id='word_1_259' title='bbox 987 3391 1073 3477; x_wconf 88' lang='lat' dir='ltr'><strong>quies</strong></span> <span class='ocrx_word' id='word_1_260' title='bbox 1088 3393 1120 3459; x_wconf 88' lang='lat' dir='ltr'><strong>st</strong></span> <span class='ocrx_word' id='word_1_261' title='bbox 1134 3393 1343 3478; x_wconf 83' lang='lat' dir='ltr'><strong>tranquillitas</strong></span> 
     </span>
     <span class='ocr_line' id='line_1_28' title="bbox 96 3502 1339 3594; baseline 0.01 -31"><span class='ocrx_word' id='word_1_262' title='bbox 96 3517 155 3566; x_wconf 91' lang='lat' dir='ltr'><strong>non</strong></span> <span class='ocrx_word' id='word_1_263' title='bbox 166 3502 270 3570; x_wconf 85' lang='lat' dir='ltr'><strong>Italiac</strong></span> <span class='ocrx_word' id='word_1_264' title='bbox 285 3503 385 3570; x_wconf 90' lang='lat' dir='ltr'><strong>solum</strong></span> <span class='ocrx_word' id='word_1_265' title='bbox 402 3503 455 3570; x_wconf 84' lang='lat' dir='ltr'><strong>sod</strong></span> <span class='ocrx_word' id='word_1_266' title='bbox 470 3503 628 3572; x_wconf 83' lang='lat' dir='ltr'><strong>univcrsas</strong></span> <span class='ocrx_word' id='word_1_267' title='bbox 643 3505 880 3572; x_wconf 86' lang='lat' dir='ltr'><strong>christianitatis</strong></span> <span class='ocrx_word' id='word_1_268' title='bbox 894 3507 1057 3592; x_wconf 87' lang='lat' dir='ltr'><strong>aliquando</strong></span> <span class='ocrx_word' id='word_1_269' title='bbox 1072 3507 1218 3576; x_wconf 85' lang='lat' dir='ltr'><strong>constitui</strong></span> <span class='ocrx_word' id='word_1_270' title='bbox 1233 3508 1339 3594; x_wconf 85' lang='lat' dir='ltr'><strong>possit</strong></span> 
     </span>
    </p>
   </div>
   <div class='ocr_carea' id='block_1_3' title="bbox 98 3612 1340 3806">
    <p class='ocr_par' dir='ltr' id='par_1_3' title="bbox 98 3612 1340 3806">
     <span class='ocr_line' id='line_1_29' title="bbox 98 3612 1340 3709; baseline 0.006 -27"><span class='ocrx_word' id='word_1_271' title='bbox 98 3612 178 3694; x_wconf 85' lang='lat' dir='ltr'><strong>Quoi</strong></span> <span class='ocrx_word' id='word_1_272' title='bbox 197 3619 333 3684; x_wconf 83' lang='lat' dir='ltr'><strong>futurum</strong></span> <span class='ocrx_word' id='word_1_273' title='bbox 355 3621 404 3684; x_wconf 86' lang='lat' dir='ltr'><strong>cst</strong></span> <span class='ocrx_word' id='word_1_274' title='bbox 424 3619 580 3704; x_wconf 86' lang='lat' dir='ltr'><strong>imprimis</strong></span> <span class='ocrx_word' id='word_1_275' title='bbox 609 3620 711 3687; x_wconf 66' lang='lat' dir='ltr'><strong>nobil·</strong></span> <span class='ocrx_word' id='word_1_276' title='bbox 741 3623 812 3690; x_wconf 85' lang='lat' dir='ltr'><strong>tuac</strong></span> <span class='ocrx_word' id='word_1_277' title='bbox 834 3622 942 3689; x_wconf 87' lang='lat' dir='ltr'><strong>honori</strong></span> <span class='ocrx_word' id='word_1_278' title='bbox 964 3625 996 3690; x_wconf 90' lang='lat' dir='ltr'><strong>ct</strong></span> <span class='ocrx_word' id='word_1_279' title='bbox 1017 3622 1134 3690; x_wconf 89' lang='lat' dir='ltr'><strong>nomini</strong></span> <span class='ocrx_word' id='word_1_280' title='bbox 1163 3624 1340 3709; x_wconf 77' lang='lat' dir='ltr'><strong>gloriosum,</strong></span> 
     </span>
     <span class='ocr_line' id='line_1_30' title="bbox 99 3728 1340 3806; baseline 0.01 -11"><span class='ocrx_word' id='word_1_281' title='bbox 99 3728 173 3796; x_wconf 90' lang='lat' dir='ltr'><strong>sicut</strong></span> <span class='ocrx_word' id='word_1_282' title='bbox 190 3733 282 3800; x_wconf 89' lang='lat' dir='ltr'><strong>latins</strong></span> <span class='ocrx_word' id='word_1_283' title='bbox 304 3753 375 3800; x_wconf 86' lang='lat' dir='ltr'><strong>cunr</strong></span> <span class='ocrx_word' id='word_1_284' title='bbox 397 3753 434 3802; x_wconf 86' lang='lat' dir='ltr'><strong>ca</strong></span> <span class='ocrx_word' id='word_1_285' title='bbox 456 3734 509 3802; x_wconf 75' lang='lat' dir='ltr'><strong>til</strong></span> <span class='ocrx_word' id='word_1_286' title='bbox 531 3736 775 3804; x_wconf 85' lang='lat' dir='ltr'><strong>snHiaronimus</strong></span> <span class='ocrx_word' id='word_1_287' title='bbox 798 3738 944 3806; x_wconf 86' lang='lat' dir='ltr'><strong>Rorcrius</strong></span> <span class='ocrx_word' id='word_1_288' title='bbox 967 3739 1095 3806; x_wconf 91' lang='lat' dir='ltr'><strong>nuncius</strong></span> <span class='ocrx_word' id='word_1_289' title='bbox 1118 3741 1222 3806; x_wconf 79' lang='lat' dir='ltr'><strong>nostor</strong></span> <span class='ocrx_word' id='word_1_290' title='bbox 1236 3741 1340 3806; x_wconf 87' lang='lat' dir='ltr'><strong>nostro</strong></span> 
     </span>
    </p>
   </div>
   <div class='ocr_carea' id='block_1_4' title="bbox 99 3845 1338 4034">
    <p class='ocr_par' dir='ltr' id='par_1_4' title="bbox 99 3845 1338 4034">
     <span class='ocr_line' id='line_1_31' title="bbox 99 3845 1338 3934; baseline 0.01 -25"><span class='ocrx_word' id='word_1_291' title='bbox 99 3845 212 3914; x_wconf 87' lang='lat' dir='ltr'><strong>nomino</strong></span> <span class='ocrx_word' id='word_1_292' title='bbox 232 3849 379 3934; x_wconf 86' lang='lat' dir='ltr'><strong>loquatur,</strong></span> <span class='ocrx_word' id='word_1_293' title='bbox 402 3850 452 3916; x_wconf 92' lang='lat' dir='ltr'><strong>cui</strong></span> <span class='ocrx_word' id='word_1_294' title='bbox 474 3851 530 3916; x_wconf 91' lang='lat' dir='ltr'><strong>illa</strong></span> <span class='ocrx_word' id='word_1_295' title='bbox 552 3850 645 3919; x_wconf 85' lang='lat' dir='ltr'><strong>fidam</strong></span> <span class='ocrx_word' id='word_1_296' title='bbox 666 3851 801 3920; x_wconf 87' lang='lat' dir='ltr'><strong>hahchit.</strong></span> <span class='ocrx_word' id='word_1_297' title='bbox 846 3853 963 3920; x_wconf 89' lang='lat' dir='ltr'><strong>Datum</strong></span> <span class='ocrx_word' id='word_1_298' title='bbox 985 3855 1101 3923; x_wconf 83' lang='lat' dir='ltr'><strong>Romus</strong></span> <span class='ocrx_word' id='word_1_299' title='bbox 1123 3855 1172 3924; x_wconf 84' lang='lat' dir='ltr'><strong>(lic</strong></span> <span class='ocrx_word' id='word_1_300' title='bbox 1194 3855 1252 3923; x_wconf 84' lang='lat' dir='ltr'><strong>rai</strong></span> <span class='ocrx_word' id='word_1_301' title='bbox 1274 3854 1338 3922; x_wconf 89' lang='lat' dir='ltr'><strong>Dc·</strong></span> 
     </span>
     <span class='ocr_line' id='line_1_32' title="bbox 100 3961 618 4034; baseline 0.021 -11"><span class='ocrx_word' id='word_1_302' title='bbox 100 3961 222 4028; x_wconf 85' lang='lat' dir='ltr'><strong>cambris</strong></span> <span class='ocrx_word' id='word_1_303' title='bbox 243 3964 360 4032; x_wconf 80' lang='lat' dir='ltr'><strong>mlxxv.</strong></span> <span class='ocrx_word' id='word_1_304' title='bbox 405 3965 496 4033; x_wconf 80' lang='lat' dir='ltr'><strong>Anno</strong></span> <span class='ocrx_word' id='word_1_305' title='bbox 518 3967 618 4034; x_wconf 83' lang='lat' dir='ltr'><strong>tortio.</strong></span> 
     </span>
    </p>
   </div>
   <div class='ocr_carea' id='block_1_5' title="bbox 305 4082 1119 4284">
    <p class='ocr_par' dir='ltr' id='par_1_5' title="bbox 305 4082 1119 4284">
     <span class='ocr_line' id='line_1_33' title="bbox 665 4083 777 4152; baseline 0.018 -2"><span class='ocrx_word' id='word_1_306' title='bbox 665 4083 753 4150; x_wconf 74' lang='lat' dir='ltr'><strong>l&#39;oris</strong></span> <span class='ocrx_word' id='word_1_307' title='bbox 768 4135 777 4152; x_wconf 92' lang='lat'><strong>.</strong></span> 
     </span>
     <span class='ocr_line' id='line_1_34' title="bbox 305 4082 1119 4284; baseline 0.006 -21"><span class='ocrx_word' id='word_1_308' title='bbox 305 4195 471 4264; x_wconf 82' lang='lat' dir='ltr'><strong>hrchiduci</strong></span> <span class='ocrx_word' id='word_1_309' title='bbox 493 4216 584 4283; x_wconf 81' lang='lat' dir='ltr'><strong>super</strong></span> <span class='ocrx_word' id='word_1_310' title='bbox 605 4082 800 4284; x_wconf 67' lang='lat' dir='ltr'><strong>occ(upatio)no</strong></span> <span class='ocrx_word' id='word_1_311' title='bbox 823 4201 923 4267; x_wconf 90' lang='lat' dir='ltr'><strong>status</strong></span> <span class='ocrx_word' id='word_1_312' title='bbox 945 4199 1119 4268; x_wconf 80' lang='lat' dir='ltr'><strong>Mediolani</strong></span> 
     </span>
    </p>
   </div>
   <div class='ocr_carea' id='block_1_6' title="bbox 661 4414 767 4424">
    <p class='ocr_par' dir='ltr' id='par_1_6' title="bbox 661 4414 767 4424">
     <span class='ocr_line' id='line_1_35' title="bbox 661 4414 767 4424; baseline 0.019 -2"><span class='ocrx_word' id='word_1_313' title='bbox 661 4414 767 4424; x_wconf 70' lang='lat' dir='ltr'><strong>n—-—</strong></span> 
     </span>
    </p>
   </div>
   <div class='ocr_carea' id='block_1_7' title="bbox 0 0 1593 4908">
    <p class='ocr_par' dir='ltr' id='par_1_7' title="bbox 0 0 1593 4908">
     <span class='ocr_line' id='line_1_36' title="bbox 0 0 1593 4908; baseline 0 0"><span class='ocrx_word' id='word_1_314' title='bbox 0 0 1593 4908; x_wconf 95' lang='lat' dir='ltr'><strong> </strong></span> 
     </span>
    </p>
   </div>
  </div>
 </body>
</html>
