3128 4908
773 301 1018 369 -2282

269 499 379 569 erroris
394 499 536 568 nebulam
552 499 667 583 eripere
689 501 807 583 oportet
822 501 853 565 et
875 497 1032 565 ostendere
1047 519 1108 565 uon
1125 517 1193 566 csse
1207 498 1271 566 ullo
1286 498 1375 567 modo
1398 500 1501 568 noun

268 617 451 703 apostolicae
475 615 561 682 Sedis
585 615 770 699 dignitatem
791 634 847 680 nec
870 615 1109 681 ecclesiasticam
1132 616 1308 683 libertatem
1330 615 1501 685 uoluam:

227 723 347 824 pptrod
371 734 397 798 si
420 732 597 817 quandoque
628 751 828 816 rerumquae
858 731 909 796 hic
930 733 1076 815 gerantur
1105 732 1208 816 aliqua
1236 733 1360 817 querela
1388 735 1434 802 est
1458 733 1500 798 de·

268 869 333 916 cere
363 848 546 914 catholicum
567 847 735 932 principem
758 867 828 912 cum
850 846 1083 914 mansuetudine
1112 849 1215 932 potius
1237 851 1269 914 et
1296 848 1424 915 lenitate
1443 867 1499 912 mu·

268 985 335 1030 sam
359 983 446 1030 suam
468 982 640 1049 proponere,
663 965 695 1029 et
717 982 793 1048 quae
815 983 876 1030 non
898 965 978 1029 recte
1000 963 1151 1048 permissa
1174 963 1344 1044 rideantur,
1368 967 1403 1030 nt
1423 965 1500 1029 corri-

267 1083 380 1166 gantur
407 1083 524 1164 petere,
553 1081 642 1164 prout
671 1080 749 1146 alias
779 1079 895 1145 factum
924 1081 979 1145 est
1031 1079 1099 1145 litei
1127 1099 1183 1146 nos
1213 1079 1336 1164 quidem
1367 1097 1500 1145 summam

268 1197 449 1262 modestiam
464 1196 497 1261 in
512 1196 653 1262 omnibns
669 1195 874 1272 adhibuimus,
899 1196 935 1260 ut
950 1214 1040 1261 nemo
1055 1196 1120 1261 inre
1135 1195 1233 1280 possit
1248 1196 1401 1281 conqueri,
1423 1215 1501 1278 nequo

266 1328 394 1395 persona
416 1312 521 1376 nostra
544 1309 653 1376 merita
676 1313 732 1390 est
762 1311 798 1376 ut
820 1310 909 1378 uobis
939 1310 1135 1394 potissimum
1165 1312 1197 1377 in
1227 1313 1284 1376 hac
1307 1309 1420 1378 Sancta
1440 1308 1501 1374 Sodr

267 1425 451 1508 sedentibus,
473 1447 525 1492 cos
548 1428 726 1510 proponeret
748 1429 779 1491 et
801 1426 971 1510 publicaret
993 1423 1104 1492 Caesar
1132 1427 1339 1512 pragmaticas
1367 1427 1499 1494 constitu-

265 1544 373 1620 tiones,
395 1563 449 1628 per
463 1562 539 1627 quas
556 1542 707 1608 videretur
730 1561 826 1626 noque
841 1542 965 1608 honoris
987 1543 1085 1608 nostri
1107 1560 1203 1627 neque
1218 1543 1393 1627 pontificiae
1413 1541 1499 1626 digni·

265 1658 340 1726 tatis
363 1659 473 1726 habere
488 1658 646 1725 rationem.
693 1657 751 1724 Sed
766 1658 841 1724 haec
864 1659 899 1724 ut
915 1658 1048 1725 diximus
1071 1677 1132 1725 non
1146 1659 1232 1724 illius
1254 1659 1414 1743 praecipue
1427 1659 1500 1740 culpa

265 1749 447 1860 acciderunt.
493 1771 577 1854 Quae
600 1775 627 1840 si
649 1773 851 1841 fraternitatis
874 1775 945 1840 tuae
968 1794 1058 1859 opera
1080 1794 1114 1842 ac
1130 1775 1243 1842 virtute
1267 1775 1390 1842 sublata
1410 1792 1498 1842 emen·

265 1890 395 1976 dataque
418 1891 539 1968 fuerint,
562 1890 736 1956 consuletur
758 1892 789 1957 et
804 1888 943 1958 Caesaris
966 1891 1063 1974 ipsius
1080 1891 1175 1956 saluti
1197 1893 1228 1956 et
1250 1890 1367 1976 gloriae
1387 1891 1418 1957 ot
1429 1887 1499 1956 laudi

265 2025 301 2071 ac
323 2005 464 2091 religioni
486 2007 564 2071 tuae.
610 2004 708 2070 Nobis
731 2006 854 2090 quidem
877 2009 956 2072 certe
974 2007 1054 2072 nihil
1076 2007 1131 2071 abs
1155 2006 1321 2091 tegratius
1344 2025 1436 2091 neque
1455 2024 1498 2069 or·

265 2122 415 2208 peotatius
437 2122 533 2188 tribui
554 2122 664 2206 potest.
711 2119 797 2186 Sicut
819 2120 856 2186 de
879 2121 937 2187 hac
959 2141 991 2187 re
1014 2122 1046 2186 et
1068 2121 1139 2186 aliis
1161 2123 1264 2187 tecum
1286 2121 1340 2188 dil.
1356 2122 1391 2188 fr.
1411 2121 1499 2187 nostor

265 2240 302 2305 lo.
318 2239 439 2323 legatus
454 2239 509 2303 etc.
526 2237 641 2302 nostris
658 2237 757 2302 verbis
780 2239 852 2322 aget
874 2237 923 2302 cui
939 2237 1048 2302 frat.tes
1063 2239 1116 2302 tua
1133 2237 1222 2303 fidem
1239 2237 1375 2303 habebit.
1399 2237 1498 2300 Daton

265 2355 380 2420 Romae
402 2355 458 2420 eto.
482 2353 530 2418 dio
554 2375 598 2418 rr.
623 2351 739 2436 Aprilis
762 2352 892 2418 mdxrvi.
937 2353 1026 2418 Anno
1050 2353 1148 2418 tertio.

858 2677 929 2742 176.

793 2868 988 2929 Caesari.

354 3049 517 3116 Carissimo
546 3051 601 3116 etc.
656 3048 727 3114 Non
757 3048 823 3114 sine
851 3049 940 3134 gravi
969 3049 1112 3116 molestia
1144 3049 1331 3132 accepimus,
1361 3051 1496 3116 nontam

265 3169 394 3233 mortem
417 3166 548 3250 quidem,
571 3185 626 3231 nco
647 3185 745 3250 genus
768 3165 877 3230 mortis
906 3163 1061 3248 quondam
1083 3165 1211 3231 Antonii
1233 3165 1366 3250 episcopi
1388 3165 1495 3230 dumor-

263 3282 369 3362 nnsis,
392 3301 482 3368 quem
505 3301 560 3348 nos
583 3281 739 3347 hominem
754 3299 862 3366 pamm
884 3280 1012 3365 dignum
1035 3281 1090 3347 illo
1106 3281 1267 3348 sacerdotii
1281 3282 1400 3360 honore,
1421 3297 1495 3363 quen

262 3400 396 3483 gerebat,
404 3397 428 3484 ι)
453 3398 677 3482 reputabamus,
701 3397 754 3463 sed
775 3397 855 3481 quod
870 3397 898 3462 is
913 3396 946 3463 in
962 3415 1046 3462 sacro
1064 3397 1244 3482 episcopalis
1267 3397 1380 3482 gradus
1401 3397 1495 3461 honore

263 3515 456 3592 constitutus,
486 3515 692 3598 apostolorum
715 3512 833 3597 etipse
862 3513 934 3579 licet
956 3531 1016 3579 uon
1046 3513 1171 3580 idoneus
1202 3531 1363 3594 successor,
1394 3527 1493 3578 sacrum

263 3630 405 3710 chrisma,
436 3648 536 3696 sacros
559 3631 747 3695 characteres
776 3629 998 3712 praeseferens,
1030 3634 1118 3695 ser.lni
1146 3628 1286 3695 Caesaris
1315 3631 1347 3694 et
1369 3626 1493 3694 christic-

263 3748 386 3813 uissimi
408 3746 600 3830 imperatoris
622 3745 709 3810 iussn
732 3745 823 3810 fuerit
846 3745 1031 3810 interfectus.
1078 3745 1142 3810 Hoc
1164 3745 1197 3809 in
1220 3745 1308 3810 uobis
1332 3762 1392 3810 non
1413 3744 1491 3808 solun

264 3863 447 3942 molestiam,
471 3860 523 3928 scd
552 3861 649 3928 animi
672 3861 766 3927 etiam
796 3861 931 3926 dolorem
953 3879 1014 3926 non
1036 3860 1219 3926 mediocrem
1249 3861 1393 3938 concitam
1421 3863 1492 3938 atquc

263 3999 297 4046 eo
321 3979 422 4064 magis
450 3977 538 4062 quod,
562 3997 632 4043 cum
654 3979 860 4042 asservaretur
882 3977 915 4042 in
937 3977 1086 4055 custodia,
1116 3995 1184 4042 cnm
1214 3977 1366 4042 iudicibus
1393 3977 1428 4040 ab
1448 3973 1491 4036 lu·

264 4095 376 4160 Sancta
399 4093 482 4160 Sede
506 4093 586 4160 datis
617 4093 650 4159 in
672 4094 774 4177 ipsum
798 4111 882 4158 reum
912 4092 1081 4158 multorum
1110 4090 1275 4158 criminum
1304 4093 1491 4178 inqmrcrctur.

264 4209 398 4276 dedisset
420 4209 473 4274 ille
496 4210 560 4274 iure
589 4209 719 4293 praevio,
742 4227 802 4273 uon
825 4207 914 4273 modo
930 4210 1067 4274 veterum
1091 4209 1237 4276 scelerum
1254 4227 1384 4286 suorum,
1406 4219 1490 4270 romu

361 4453 379 4522 ¹)
397 4457 512 4504 ommim
530 4461 586 4505 sont
604 4421 684 4506 rerba:
704 4460 785 4518 ,omni
802 4461 880 4508 summ
899 4459 1013 4522 supplicio
1031 4460 1219 4518 cinnomus
