3152 4902
616 281 859 348 -133-

125 497 172 545 uos
191 480 337 564 quantum
360 478 540 544 auctoritate
563 476 643 562 apud
666 477 763 554 illum,
790 476 939 560 quantum
962 474 1042 560 apud
1065 475 1164 540 Deum
1186 473 1362 540 humilitate

124 594 288 678 poterimus,
310 592 511 678 expendemus
533 593 664 659 libenter
686 593 719 659 in
741 591 981 676 deprecationem
1012 591 1121 656 salutis
1144 591 1175 656 et
1197 588 1359 655 incolumi-

122 710 186 775 tatis
206 711 278 776 tuae
300 729 460 793 rerumque
489 711 620 788 tuamm,
651 728 685 774 ac
707 708 765 774 tilii
788 708 835 772 tui
864 707 1084 773 liberationem.
1130 703 1216 787 Quod
1246 705 1360 772 maiore

122 826 203 891 etiam
226 845 297 891 cum
320 843 373 909 spe
395 824 454 890 tibi
475 824 660 908 pollicemur,
684 823 755 908 quia
778 823 972 889 sanctissimo
995 825 1026 889 et
1040 822 1219 888 fidelissimo
1243 821 1360 888 loedere

119 960 180 1007 cum
199 942 269 1026 ipso
292 939 418 1007 Caesare
446 940 614 1020 coniuncti,
643 939 713 1024 plus
741 939 923 1006 habebimus
952 939 1033 1024 apud
1061 958 1131 1005 eum
1161 937 1360 1016 auctoritatis,

119 1055 228 1140 quando
253 1075 288 1122 ea
309 1075 387 1141 quae
416 1055 536 1140 egimus
559 1055 731 1122 communis
762 1054 872 1122 salutis
895 1057 926 1121 et
948 1055 1032 1140 pacis
1061 1073 1152 1120 causa
1174 1053 1304 1138 egimus,
1326 1051 1360 1118 in

118 1191 169 1255 qua
189 1172 285 1239 etiam
301 1173 383 1238 salus
398 1173 430 1238 et
451 1171 646 1238 incolumitas
669 1173 722 1237 tua
737 1171 949 1252 continebitur,
972 1171 1059 1237 cuius
1075 1189 1178 1238 curam
1201 1169 1234 1236 in
1257 1169 1359 1236 animo

116 1289 210 1354 nostro
234 1289 266 1354 et
294 1287 510 1373 cogitationem
539 1287 714 1372 precipuum
736 1288 901 1367 habemus,
931 1287 1013 1354 sicut
1035 1306 1084 1353 res
1105 1286 1174 1370 ipsa
1195 1287 1227 1353 et
1255 1287 1359 1352 nostra

116 1403 192 1470 relut
213 1404 286 1470 boni
300 1407 332 1470 et
346 1403 435 1490 aequi
449 1403 545 1488 patris
560 1422 596 1470 ac
618 1403 770 1488 pontificis
793 1404 934 1470 voluntas
956 1405 1047 1488 atque
1062 1422 1152 1488 opera
1168 1403 1203 1468 in
1217 1401 1359 1468 omnibus

115 1518 255 1586 ostendet.
300 1519 417 1586 Datum
439 1519 554 1586 Romae
576 1519 665 1586 xxvii
688 1519 805 1603 Aprilis
828 1519 946 1586 mdxrv.
991 1519 1081 1585 Anno
1104 1518 1242 1586 secundo.

647 1749 816 1818 Caesari

197 1893 255 1960 Pro
271 1893 488 1960 Francischino
502 1892 539 1959 de
555 1891 678 1979 Caymis
701 1893 865 1960 camerario
881 1893 996 1978 Papae;
1020 1895 1055 1958 ut
1070 1892 1195 1959 mandet
1217 1892 1359 1976 cognosci

115 2029 146 2074 ac
167 2009 258 2075 statui
281 2008 355 2094 quid
376 2008 453 2075 iuris
475 2008 512 2076 de
541 2011 675 2094 prioratu
699 2009 728 2076 S.
752 2007 943 2076 Christianae
967 2009 1089 2076 Osceus.
1119 2007 1194 2074 dioc.
1217 2007 1302 2074 ordi·
1327 2005 1357 2073 S.

116 2124 275 2209 hugutini
297 2145 333 2191 ac
355 2125 491 2192 Bailiatu
514 2123 544 2192 S.
568 2123 716 2210 Stephani
742 2125 804 2192 ord
837 2123 866 2192 S.
889 2119 1019 2192 loannis
1049 2122 1318 2192 Hierosolomitani
1340 2143 1358 2188 a

113 2239 215 2324 quibus
229 2239 412 2320 obtinendis,
435 2241 573 2326 opposito
589 2239 710 2307 Casaris
732 2241 797 2308 inre
819 2231 1006 2327 patronatus,
1025 2241 1107 2308 idem
1123 2238 1357 2306 Francieohims

113 2355 328 2438 prohibebatur.

704 2592 756 2658 98.

634 2753 826 2815 Caesarl

194 2907 296 2975 Car.mo
319 2907 351 2974 in
374 2907 496 2974 Christo
518 2907 564 2974 tili
587 2911 689 2974 noster
712 2911 766 2975 etc.
813 2907 889 2974 Cum
919 2910 1089 2993 legeremus
1119 2909 1239 2974 litteras
1262 2911 1353 2974 ser.lie

112 3023 174 3089 tuae
188 3023 235 3091 dic
249 3025 359 3108 quarta
374 3022 491 3108 Aprilis
514 3023 602 3090 datas
624 3024 731 3108 plenas
754 3025 929 3110 sapientiae,
942 3023 1163 3104 humanitatis,
1187 3023 1353 3109 religionis,

111 3159 164 3204 uon
191 3159 352 3224 possumus
385 3141 484 3206 tacere
515 3141 664 3224 quantum
696 3140 768 3206 illae
797 3141 910 3206 amoris
939 3143 970 3206 et
999 3139 1211 3207 admirationis
1240 3140 1276 3206 de
1299 3142 1353 3205 tua

110 3255 216 3337 optima
237 3277 272 3322 ac
287 3254 553 3340 praestantissima
568 3257 670 3324 mente
686 3275 721 3322 ac
743 3259 852 3323 nabua
874 3257 1011 3323 innubis
1027 3255 1239 3332 excitaverint,
1255 3273 1353 3340 neque

110 3371 204 3436 amen
231 3389 394 3456 possamus
416 3370 450 3436 id
472 3370 551 3454 quod
581 3371 684 3438 auimo
716 3374 895 3457 conceptum
924 3373 1082 3452 habemus,
1112 3373 1182 3456 apte
1212 3370 1350 3450 scribere,

109 3485 214 3552 maiora
235 3487 317 3554 enim
334 3487 407 3552 sunt
428 3486 540 3566 omnia,
563 3506 654 3570 quam
678 3489 713 3552 ut
728 3488 828 3554 verbis
851 3491 905 3553 aut
926 3488 1040 3554 litteris
1055 3487 1176 3573 possint
1197 3486 1350 3571 explicari

109 3599 181 3667 lllud
202 3602 324 3688 quidem
347 3601 407 3668 brit
429 3601 544 3670 iactum
568 3605 602 3668 ut
625 3623 694 3668 cum
717 3603 788 3670 illas
811 3603 844 3670 in
868 3623 952 3670 sacro
975 3603 1154 3670 consistorio
1172 3604 1277 3670 nostro
1300 3621 1348 3668 re·

108 3715 187 3783 citari
206 3718 412 3797 iussissemns,
441 3717 579 3783 omnium
611 3719 751 3803 opinione
780 3721 811 3785 et
834 3719 985 3785 sententia
1014 3719 1222 3787 decerneretur
1244 3723 1348 3789 certam

109 3829 185 3898 tuam
206 3853 273 3900 cum
297 3831 518 3912 Constantinis,
548 3832 674 3913 Caralis,
705 3833 878 3900 Othonibus
901 3835 1086 3920 caeterisque
1110 3833 1238 3901 vetustis
1260 3833 1347 3919 prin·

109 3945 215 4030 cipibus
237 3950 445 4016 Romanorum
467 3949 711 4032 imperatoribus,
735 3948 788 4034 qui
809 3952 931 4035 propter
955 3970 1041 4017 suam
1063 3951 1097 4017 in
1115 3951 1214 4016 Deum
1237 3951 1268 4015 et
1290 3948 1348 4014 Dei

110 4079 240 4144 sponsam
255 4064 424 4132 Ecclesiam
446 4063 593 4149 pietatem
608 4065 893 4151 observantiamque
907 4067 1114 4133 immortalem
1129 4065 1259 4150 gloriam
1278 4082 1346 4130 me·

109 4177 237 4260 ruissent,
267 4200 330 4247 non
359 4180 459 4246 solum
488 4180 677 4264 aequamam
708 4201 783 4261 esse,
813 4182 866 4248 sed
894 4182 958 4248 illis
987 4182 1081 4248 etiam
1109 4180 1345 4266 praeferendam,

108 4291 218 4361 alum
237 4295 271 4362 in
292 4295 435 4363 omnibus
459 4294 550 4361 dictis
573 4295 644 4374 tuis,
667 4296 817 4381 lactisque
840 4299 965 4383 apparet
986 4300 1018 4365 et
1039 4297 1195 4376 bonitatis,
1218 4315 1254 4362 ac
1275 4315 1343 4362 mo-

109 4403 258 4479 derationis
280 4413 311 4479 et
333 4411 521 4480 incredibilis
543 4412 721 4498 prudentiae
744 4413 905 4500 specimen,
929 4431 1005 4500 quae
1028 4415 1075 4482 est
1097 4415 1177 4484 certe
1200 4413 1250 4480 via
1271 4433 1341 4501 per-
