3192 4930
858 263 901 326 54
947 301 991 312 -

235 453 304 522 eius
330 421 475 506 dimdium
497 446 534 496 ³0
557 438 797 520 benevolentiam
821 475 893 540 erga
915 478 980 541 nos,
1003 465 1036 531 in
1059 469 1138 535 hane
1154 470 1307 545 Sanctam
1325 480 1432 551 Sedens
1452 487 1493 550 ob·

238 549 447 639 servantiflfflv
476 553 612 628 massine
640 569 728 636 nobis
750 573 782 635 ot
804 571 914 654 gaudio
945 596 1063 665 semper
1092 587 1124 651 et
1153 594 1320 661 commodo
1348 617 1428 665 esse:
1454 621 1495 666 nee

237 687 337 755 ullam
362 671 434 735 tae‘tffl
456 675 597 744 asperam
620 685 752 752 accidere
774 687 989 771 tempestatem
1012 717 1109 782 posse,
1133 705 1209 788 quin
1233 711 1290 774 tua
1314 716 1404 798 atque
1425 717 1493 781 illius

236 809 364 872 summa
381 773 554 870 Ρωάθῦῧλ,
578 802 750 882 auronae,
774 803 880 882 virtus,
903 805 1100 882 firmissimae
1118 821 1274 891 anchorae
1290 829 1381 896 nobis
1402 833 1493 900 vinem.

236 921 276 988 ad
297 915 414 984 omnes
439 889 548 966 fluetus
573 917 765 986 sustinendos
788 920 962 1003 praebitura
985 928 1035 995 sit.
1082 930 1180 1011 Quem
1204 941 1350 1010 animum
1372 949 1492 1014 amisum

236 1055 309 1124 „fga
340 1037 403 1096 nos
433 1011 517 1077 omni
546 1019 580 1088 in
609 1050 642 1096 re
670 1037 701 1101 et
729 1037 864 1118 tempore
893 1037 957 1104 mm
987 1045 1076 1112 nobis
1100 1053 1270 1136 cognitum,
1302 1062 1339 1126 ut
1367 1063 1492 1128 omnibus

236 1149 353 1224 nostri„
378 1126 495 1206 studiis
517 1134 635 1228 officiis,
658 1153 689 1217 et
712 1151 877 1236 singularis
901 1153 1128 1232 benevolentiae
1150 1167 1275 1238 indiciis
1300 1179 1332 1241 et
1350 1177 1491 1244 demara-

237 1291 305 1339 Μ
327 1265 362 1332 et
386 1246 585 1336 retineamus,
609 1268 644 1331 ut
666 1283 784 1354 semper
807 1269 935 1336 antehae
958 1274 1095 1358 fecimus,
1118 1281 1199 1349 nihil
1223 1306 1334 1356 sumus
1356 1294 1492 1360 omissuri

236 1389 302 1456 'lun
324 1368 563 1451 obcumflilffltio
586 1381 622 1444 ut
650 1384 688 1450 ad
710 1383 930 1471 procurandam
952 1391 984 1456 et
1006 1395 1227 1466 conficiendam
1250 1424 1362 1487 paoem
1383 1411 1490 1476 unirer·

238 1506 336 1572 salem
361 1487 457 1565 nobie
481 1485 624 1562 assistere
647 1520 771 1586 esseque
793 1499 904 1567 auxilio
928 1523 983 1572 sua
1005 1515 1177 1593 praestanti
1191 1521 1378 1590 auctoritate
1400 1528 1431 1592 et
1450 1544 1490 1590 sa·

237 1619 354 1706 pientia
387 1603 476 1682 veut
506 1600 593 1676 illam
623 1613 808 1684 inDomino
837 1617 1005 1700 plurimum
1034 1627 1240 1710 obtestamur;
1273 1655 1368 1722 super
1395 1641 1491 1726 quibos

238 1737 384 1805 omnibus
408 1719 555 1794 misimus
578 1726 722 1800 dilectum
746 1733 846 1800 lilium
867 1733 915 1800 Jo.
939 1735 1095 1808 Casulium
1125 1747 1282 1816 notarium
1305 1755 1338 1819 et
1360 1757 1490 1823 nuncium

239 1855 381 1922 nostrum
403 1841 504 1912 fidum
527 1841 613 1910 nobis
628 1852 660 1916 et
681 1850 850 1935 probatum,
866 1851 919 1934 qui
933 1855 973 1934 te,
996 1859 1117 1941 quando
1140 1861 1328 1946 quibusdam
1352 1871 1390 1936 de
1403 1870 1491 1937 <ausis

238 1970 424 2056 cogebamur
448 1971 538 2026 ven.m
563 1957 688 2032 tratrem
711 1965 871 2032 Nicolaum
897 1969 1157 2059 archiepiscopum
1180 1976 1364 2064 Capuanum
1386 1987 1425 2054 ad
1444 2003 1490 2052 nos

241 2103 390 2162 revocare,
420 2073 539 2161 largius
562 2077 762 2166 alloqueretur
784 2083 816 2146 et
838 2080 874 2148 de
896 2085 1038 2154 omuibus
1068 2091 1182 2158 nostris
1204 2097 1347 2167 oomiliie
1369 2104 1492 2186 eousque

245 2201 392 2278 edoceret,
416 2193 466 2262 oni
490 2193 637 2264 serenitas
658 2199 711 2266 tua
733 2198 826 2265 fidem
842 2217 995 2269 summam
1017 2204 1150 2274 habebit
1181 2209 1301 2280 Datum
1316 2216 1432 2285 Romae
1445 2219 1491 2284 ete.

245 2318 293 2385 die
316 2337 344 2384 v.
368 2307 511 2382 Januan'i
533 2309 648 2380 mdxnv.
693 2315 783 2382 Anno
807 2315 944 2383 seeundo.

842 2575 893 2642 38.

692 2741 781 2802 Duci
803 2741 1045 2804 venetiarum.

333 2896 453 2964 Dileate
475 2893 521 2960 fili
543 2895 597 2959 eto.
641 2897 726 2962 Inter
747 2913 834 2961 ouras
864 2898 984 2962 nostras
1013 2919 1089 2982 quas
1111 2920 1220 2986 graves
1243 2907 1275 2971 et
1299 2911 1416 2978 multas
1444 2928 1493 2994 pro

245 3015 343 3082 salute
372 3010 556 3078 christianae
578 3011 759 3096 reipublicae
783 3013 976 3092 sustinemus,
999 3015 1054 3080 illa
1077 3018 1164 3082 nobis
1178 3021 1323 3106 precipua
1346 3026 1411 3092 mm
1427 3025 1493 3092 inde

244 3153 262 3199 a
284 3131 382 3198 nostri
404 3125 598 3214 pontificatus
626 3129 715 3194 initio
738 3128 805 3210 luit,
834 3130 868 3193 ut
890 3148 995 3212 paoem
1018 3131 1098 3198 iuter
1127 3134 1279 3219 prinsipes
1309 3141 1491 3208 christianos

244 3247 354 3331 ubique
384 3248 446 3312 fere
475 3243 617 3310 maximis
647 3245 885 3311 dissensionibus
914 3247 1124 3329 perturbatam
1153 3252 1399 3337 constiteramus,
1432 3259 1494 3322 sine

243 3381 303 3451 qua
317 3363 536 3440 iudicabamus,
559 3359 591 3425 id
606 3361 685 3446 quod
706 3380 786 3427 nune
808 3381 923 3447 quoque
938 3364 1099 3444 cemimus,
1122 3367 1380 3440 christianitatem
1400 3375 1495 3440 tantis

241 3480 384 3567 perieulis
406 3481 437 3545 et
460 3477 650 3544 detrimentis
674 3478 814 3544 affectam
837 3480 953 3546 salvem
977 3481 1109 3564 emplius
1132 3502 1197 3549 esse
1220 3504 1281 3553 non
1303 3507 1403 3571 posse.
1445 3489 1491 3556 Ad

242 3616 334 3684 quam
358 3595 543 3662 suadendam
567 3596 597 3660 et
619 3594 837 3680 procurandam
860 3597 946 3663 illam
962 3615 1123 3680 personam
1146 3602 1301 3685 sumpsius
1325 3625 1421 3689 quam
1436 3608 1492 3672 ho-

238 3713 326 3780 noris
349 3713 447 3779 nostri
469 3714 500 3778 et
515 3709 607 3777 officii
630 3711 767 3778 debitum
783 3712 914 3778 maxime
936 3714 1111 3798 postulabat
1125 3717 1159 3780 ut
1175 3733 1304 3801 aequum
1320 3721 1495 3809 bonumque

242 3829 415 3914 pontideem
439 3831 470 3896 et
492 3847 596 3895 verum
619 3831 737 3913 patrem
760 3827 901 3894 omuibus
923 3830 1149 3914 praeberemus:
1179 3851 1279 3918 aqua
1303 3837 1400 3906 etiam
1424 3861 1494 3926 per·

241 3965 316 4013 sona
338 3965 493 4031 nunquam
515 3943 703 4011 intendimus
733 3943 892 4012 diseedero.
939 3945 997 4012 Sed
1020 3965 1090 4012 eum
1113 3968 1150 4014 ne
1174 3949 1363 4036 sicquidem
1387 3959 1494 4023 nostru

241 4061 280 4128 ad
303 4061 521 4130 conficiendam
544 4062 734 4128 concordiam
757 4062 905 4129 valuisset
927 4063 1100 4144 auctoritas,
1124 4065 1191 4130 tum
1214 4068 1252 4132 ob
1275 4069 1494 4140 confidentiam

240 4197 344 4246 eorum
367 4179 420 4265 qui
442 4179 537 4246 armis
559 4179 629 4265 plus
652 4197 741 4263 posse
764 4179 951 4258 videbantur,
974 4181 1041 4245 tum
1064 4181 1102 4246 ob
1125 4180 1254 4248 aliomm
1276 4183 1370 4252 nimis
1395 4191 1494 4273 perii-

240 4313 346 4362 naeem
369 4295 403 4360 in
426 4295 634 4364 contendendo
657 4295 850 4367 sententiam,
875 4295 1069 4362 substitimus
1092 4295 1282 4379 aliquantum
1297 4318 1353 4366 nos
1372 4323 1494 4391 qnoque

238 4412 338 4478 Deum
361 4411 392 4476 et
414 4413 479 4479 eius
502 4410 744 4481 misericordiam
767 4411 955 4480 obtestantes
978 4411 1013 4475 ut
1033 4410 1099 4495 ipse
1121 4411 1189 4495 paci
1211 4414 1293 4480 viam
1316 4417 1348 4482 et
1369 4419 1493 4489 auium
