<?xml version="1.0" encoding="UTF-8"?>
<!DOCTYPE html PUBLIC "-//W3C//DTD XHTML 1.0 Transitional//EN"
    "http://www.w3.org/TR/xhtml1/DTD/xhtml1-transitional.dtd">
<html xmlns="http://www.w3.org/1999/xhtml" xml:lang="en" lang="en">
 <head>
  <title>
</title>
<meta http-equiv="Content-Type" content="text/html;charset=utf-8" />
  <meta name='ocr-system' content='tesseract 3.04.00' />
  <meta name='ocr-capabilities' content='ocr_page ocr_carea ocr_par ocr_line ocrx_word'/>
</head>
<body>
  <div class='ocr_page' id='page_1' title='image "./monumentasaecul00sadogoog_0219.png"; bbox 0 0 3128 4908; ppageno 0'>
   <div class='ocr_carea' id='block_1_1' title="bbox 764 251 1010 318">
    <p class='ocr_par' dir='ltr' id='par_1_1' title="bbox 764 251 1010 318">
     <span class='ocr_line' id='line_1_1' title="bbox 764 251 1010 318; baseline -0.012 -19"><span class='ocrx_word' id='word_1_1' title='bbox 764 251 1010 318; x_wconf 67' lang='grc'><strong>...200-</strong></span> 
     </span>
    </p>
   </div>
   <div class='ocr_carea' id='block_1_2' title="bbox 168 441 1497 1804">
    <p class='ocr_par' dir='ltr' id='par_1_2' title="bbox 168 441 1497 1804">
     <span class='ocr_line' id='line_1_2' title="bbox 258 441 1493 530; baseline 0 -18"><span class='ocrx_word' id='word_1_2' title='bbox 258 445 395 512; x_wconf 85' lang='lat' dir='ltr'><strong>uestrum</strong></span> <span class='ocrx_word' id='word_1_3' title='bbox 410 447 635 530; x_wconf 64' lang='lat' dir='ltr'><strong>expectaremus</strong></span> <span class='ocrx_word' id='word_1_4' title='bbox 648 445 747 530; x_wconf 89' lang='lat' dir='ltr'><strong>ipsius</strong></span> <span class='ocrx_word' id='word_1_5' title='bbox 763 443 1018 512; x_wconf 83' lang='lat' dir='ltr'><strong>commendatoris</strong></span> <span class='ocrx_word' id='word_1_6' title='bbox 1040 441 1197 510; x_wconf 84' lang='lat' dir='ltr'><strong>festinatio</strong></span> <span class='ocrx_word' id='word_1_7' title='bbox 1219 444 1252 510; x_wconf 89' lang='lat' dir='ltr'><strong>et</strong></span> <span class='ocrx_word' id='word_1_8' title='bbox 1265 443 1407 529; x_wconf 78' lang='lat' dir='ltr'><strong>augustin</strong></span> <span class='ocrx_word' id='word_1_9' title='bbox 1425 445 1493 512; x_wconf 82' lang='lat' dir='ltr'><strong>tan·</strong></span> 
     </span>
     <span class='ocr_line' id='line_1_3' title="bbox 257 557 1493 647; baseline 0.001 -21"><span class='ocrx_word' id='word_1_10' title='bbox 257 560 340 647; x_wconf 90' lang='lat' dir='ltr'><strong>poris</strong></span> <span class='ocrx_word' id='word_1_11' title='bbox 363 561 469 628; x_wconf 83' lang='lat' dir='ltr'><strong>offecit</strong></span> <span class='ocrx_word' id='word_1_12' title='bbox 515 559 592 628; x_wconf 79' lang='lat' dir='ltr'><strong>eum</strong></span> <span class='ocrx_word' id='word_1_13' title='bbox 614 562 697 628; x_wconf 91' lang='lat' dir='ltr'><strong>onim</strong></span> <span class='ocrx_word' id='word_1_14' title='bbox 718 561 773 628; x_wconf 93' lang='lat' dir='ltr'><strong>ille</strong></span> <span class='ocrx_word' id='word_1_15' title='bbox 794 561 862 646; x_wconf 88' lang='lat' dir='ltr'><strong>ipso</strong></span> <span class='ocrx_word' id='word_1_16' title='bbox 882 561 981 645; x_wconf 88' lang='lat' dir='ltr'><strong>primo</strong></span> <span class='ocrx_word' id='word_1_17' title='bbox 1004 559 1137 626; x_wconf 85' lang='lat' dir='ltr'><strong>aduentu</strong></span> <span class='ocrx_word' id='word_1_18' title='bbox 1159 560 1269 626; x_wconf 84' lang='lat' dir='ltr'><strong>statim</strong></span> <span class='ocrx_word' id='word_1_19' title='bbox 1283 559 1330 626; x_wconf 76' lang='lat' dir='ltr'><strong>‘ad</strong></span> <span class='ocrx_word' id='word_1_20' title='bbox 1352 557 1493 627; x_wconf 80' lang='lat' dir='ltr'><strong>ansaran</strong></span> 
     </span>
     <span class='ocr_line' id='line_1_4' title="bbox 168 675 1495 761; baseline -0.002 -18"><span class='ocrx_word' id='word_1_21' title='bbox 168 698 171 712; x_wconf 87' lang='lat'><em>·</em></span> <span class='ocrx_word' id='word_1_22' title='bbox 257 677 461 760; x_wconf 78' lang='lat' dir='ltr'><strong>rescripturus</strong></span> <span class='ocrx_word' id='word_1_23' title='bbox 490 678 587 756; x_wconf 81' lang='lat' dir='ltr'><strong>osset,</strong></span> <span class='ocrx_word' id='word_1_24' title='bbox 623 677 838 761; x_wconf 77' lang='lat' dir='ltr'><strong>quaereretque</strong></span> <span class='ocrx_word' id='word_1_25' title='bbox 873 676 1018 743; x_wconf 82' lang='lat' dir='ltr'><strong>notitiem</strong></span> <span class='ocrx_word' id='word_1_26' title='bbox 1047 676 1078 742; x_wconf 89' lang='lat' dir='ltr'><strong>et</strong></span> <span class='ocrx_word' id='word_1_27' title='bbox 1106 675 1361 742; x_wconf 85' lang='lat' dir='ltr'><strong>deliberationem</strong></span> <span class='ocrx_word' id='word_1_28' title='bbox 1389 679 1495 742; x_wconf 83' lang='lat' dir='ltr'><strong>nostras</strong></span> 
     </span>
     <span class='ocr_line' id='line_1_5' title="bbox 258 791 1496 872; baseline -0.002 -13"><span class='ocrx_word' id='word_1_29' title='bbox 258 791 435 872; x_wconf 74' lang='lat' dir='ltr'><strong>uoluntatis,</strong></span> <span class='ocrx_word' id='word_1_30' title='bbox 458 811 519 858; x_wconf 92' lang='lat' dir='ltr'><strong>nou</strong></span> <span class='ocrx_word' id='word_1_31' title='bbox 541 791 601 859; x_wconf 85' lang='lat' dir='ltr'><strong>fuit</strong></span> <span class='ocrx_word' id='word_1_32' title='bbox 615 791 829 872; x_wconf 80' lang='lat' dir='ltr'><strong>emerendum,</strong></span> <span class='ocrx_word' id='word_1_33' title='bbox 851 811 921 858; x_wconf 86' lang='lat' dir='ltr'><strong>curn</strong></span> <span class='ocrx_word' id='word_1_34' title='bbox 944 791 1045 858; x_wconf 90' lang='lat' dir='ltr'><strong>omnis</strong></span> <span class='ocrx_word' id='word_1_35' title='bbox 1068 791 1143 858; x_wconf 85' lang='lat' dir='ltr'><strong>hora</strong></span> <span class='ocrx_word' id='word_1_36' title='bbox 1165 792 1197 857; x_wconf 87' lang='lat' dir='ltr'><strong>et</strong></span> <span class='ocrx_word' id='word_1_37' title='bbox 1211 809 1302 857; x_wconf 90' lang='lat' dir='ltr'><strong>omno</strong></span> <span class='ocrx_word' id='word_1_38' title='bbox 1322 795 1496 858; x_wconf 85' lang='lat' dir='ltr'><strong>momentum</strong></span> 
     </span>
     <span class='ocr_line' id='line_1_6' title="bbox 257 906 1494 992; baseline -0.001 -19"><span class='ocrx_word' id='word_1_39' title='bbox 257 925 388 992; x_wconf 84' lang='lat' dir='ltr'><strong>magnas</strong></span> <span class='ocrx_word' id='word_1_40' title='bbox 410 927 459 974; x_wconf 91' lang='lat' dir='ltr'><strong>ras</strong></span> <span class='ocrx_word' id='word_1_41' title='bbox 482 907 560 974; x_wconf 87' lang='lat' dir='ltr'><strong>farra</strong></span> <span class='ocrx_word' id='word_1_42' title='bbox 582 925 685 974; x_wconf 87' lang='lat' dir='ltr'><strong>secum</strong></span> <span class='ocrx_word' id='word_1_43' title='bbox 707 910 739 974; x_wconf 90' lang='lat' dir='ltr'><strong>ot</strong></span> <span class='ocrx_word' id='word_1_44' title='bbox 753 907 868 992; x_wconf 88' lang='lat' dir='ltr'><strong>eripere</strong></span> <span class='ocrx_word' id='word_1_45' title='bbox 889 909 1001 992; x_wconf 75' lang='lat' dir='ltr'><strong>poseat</strong></span> <span class='ocrx_word' id='word_1_46' title='bbox 1023 906 1098 992; x_wconf 90' lang='lat' dir='ltr'><strong>quin</strong></span> <span class='ocrx_word' id='word_1_47' title='bbox 1120 906 1283 973; x_wconf 88' lang='lat' dir='ltr'><strong>eonsilium</strong></span> <span class='ocrx_word' id='word_1_48' title='bbox 1298 907 1434 972; x_wconf 84' lang='lat' dir='ltr'><strong>subitum</strong></span> <span class='ocrx_word' id='word_1_49' title='bbox 1454 925 1494 972; x_wconf 77' lang='lat' dir='ltr'><strong>u·</strong></span> 
     </span>
     <span class='ocr_line' id='line_1_7' title="bbox 245 1021 1496 1108; baseline 0 -20"><span class='ocrx_word' id='word_1_50' title='bbox 245 1041 398 1108; x_wconf 9' lang='lat' dir='ltr'><strong>*paremus</strong></span> <span class='ocrx_word' id='word_1_51' title='bbox 427 1023 628 1108; x_wconf 90' lang='lat' dir='ltr'><strong>respondendi</strong></span> <span class='ocrx_word' id='word_1_52' title='bbox 651 1025 682 1090; x_wconf 88' lang='lat' dir='ltr'><strong>at</strong></span> <span class='ocrx_word' id='word_1_53' title='bbox 711 1023 908 1090; x_wconf 83' lang='lat' dir='ltr'><strong>deliberandi</strong></span> <span class='ocrx_word' id='word_1_54' title='bbox 954 1021 1041 1104; x_wconf 82' lang='lat' dir='ltr'><strong>Quod</strong></span> <span class='ocrx_word' id='word_1_55' title='bbox 1062 1023 1123 1107; x_wconf 89' lang='lat' dir='ltr'><strong>ipsi</strong></span> <span class='ocrx_word' id='word_1_56' title='bbox 1151 1023 1265 1089; x_wconf 85' lang='lat' dir='ltr'><strong>oratori</strong></span> <span class='ocrx_word' id='word_1_57' title='bbox 1293 1024 1395 1089; x_wconf 85' lang='lat' dir='ltr'><strong>uestro</strong></span> <span class='ocrx_word' id='word_1_58' title='bbox 1424 1041 1496 1088; x_wconf 90' lang='lat' dir='ltr'><strong>omna</strong></span> 
     </span>
     <span class='ocr_line' id='line_1_8' title="bbox 258 1138 1496 1223; baseline -0.003 -19"><span class='ocrx_word' id='word_1_59' title='bbox 258 1138 465 1221; x_wconf 82' lang='lat' dir='ltr'><strong>patefecimus,</strong></span> <span class='ocrx_word' id='word_1_60' title='bbox 488 1141 520 1206; x_wconf 89' lang='lat' dir='ltr'><strong>ot</strong></span> <span class='ocrx_word' id='word_1_61' title='bbox 541 1142 577 1206; x_wconf 90' lang='lat' dir='ltr'><strong>ut</strong></span> <span class='ocrx_word' id='word_1_62' title='bbox 598 1139 793 1219; x_wconf 85' lang='lat' dir='ltr'><strong>arbitramur,</strong></span> <span class='ocrx_word' id='word_1_63' title='bbox 814 1139 860 1205; x_wconf 88' lang='lat' dir='ltr'><strong>ita</strong></span> <span class='ocrx_word' id='word_1_64' title='bbox 882 1159 948 1205; x_wconf 89' lang='lat' dir='ltr'><strong>rem</strong></span> <span class='ocrx_word' id='word_1_65' title='bbox 973 1138 1215 1204; x_wconf 74' lang='lat' dir='ltr'><strong>examinavimus</strong></span> <span class='ocrx_word' id='word_1_66' title='bbox 1239 1139 1329 1204; x_wconf 86' lang='lat' dir='ltr'><strong>utin</strong></span> <span class='ocrx_word' id='word_1_67' title='bbox 1351 1141 1496 1223; x_wconf 87' lang='lat' dir='ltr'><strong>utramque</strong></span> 
     </span>
     <span class='ocr_line' id='line_1_9' title="bbox 257 1251 1496 1338; baseline 0 -18"><span class='ocrx_word' id='word_1_68' title='bbox 257 1255 376 1338; x_wconf 84' lang='lat' dir='ltr'><strong>partem</strong></span> <span class='ocrx_word' id='word_1_69' title='bbox 398 1256 480 1321; x_wconf 86' lang='lat' dir='ltr'><strong>osset</strong></span> <span class='ocrx_word' id='word_1_70' title='bbox 503 1255 664 1321; x_wconf 90' lang='lat' dir='ltr'><strong>consilium</strong></span> <span class='ocrx_word' id='word_1_71' title='bbox 687 1258 828 1322; x_wconf 87' lang='lat' dir='ltr'><strong>nostrum</strong></span> <span class='ocrx_word' id='word_1_72' title='bbox 850 1256 953 1320; x_wconf 89' lang='lat' dir='ltr'><strong>tutum</strong></span> <span class='ocrx_word' id='word_1_73' title='bbox 975 1254 1007 1320; x_wconf 88' lang='lat' dir='ltr'><strong>at</strong></span> <span class='ocrx_word' id='word_1_74' title='bbox 1029 1253 1171 1320; x_wconf 87' lang='lat' dir='ltr'><strong>salutare.</strong></span> <span class='ocrx_word' id='word_1_75' title='bbox 1217 1251 1251 1319; x_wconf 83' lang='lat' dir='ltr'><strong>Si</strong></span> <span class='ocrx_word' id='word_1_76' title='bbox 1265 1253 1358 1334; x_wconf 78' lang='lat' dir='ltr'><strong>onim,</strong></span> <span class='ocrx_word' id='word_1_77' title='bbox 1379 1253 1414 1320; x_wconf 91' lang='lat' dir='ltr'><strong>id</strong></span> <span class='ocrx_word' id='word_1_78' title='bbox 1434 1251 1496 1338; x_wconf 88' lang='lat' dir='ltr'><strong>quod</strong></span> 
     </span>
     <span class='ocr_line' id='line_1_10' title="bbox 258 1368 1496 1456; baseline -0.002 -21"><span class='ocrx_word' id='word_1_79' title='bbox 258 1369 407 1437; x_wconf 89' lang='lat' dir='ltr'><strong>confidere</strong></span> <span class='ocrx_word' id='word_1_80' title='bbox 429 1389 600 1456; x_wconf 82' lang='lat' dir='ltr'><strong>possumus,</strong></span> <span class='ocrx_word' id='word_1_81' title='bbox 624 1371 763 1437; x_wconf 82' lang='lat' dir='ltr'><strong>Caesaris</strong></span> <span class='ocrx_word' id='word_1_82' title='bbox 785 1371 927 1437; x_wconf 83' lang='lat' dir='ltr'><strong>voluutas</strong></span> <span class='ocrx_word' id='word_1_83' title='bbox 951 1369 990 1435; x_wconf 87' lang='lat' dir='ltr'><strong>ad</strong></span> <span class='ocrx_word' id='word_1_84' title='bbox 1012 1389 1119 1454; x_wconf 88' lang='lat' dir='ltr'><strong>pacem</strong></span> <span class='ocrx_word' id='word_1_85' title='bbox 1148 1371 1180 1436; x_wconf 92' lang='lat' dir='ltr'><strong>et</strong></span> <span class='ocrx_word' id='word_1_86' title='bbox 1207 1368 1383 1435; x_wconf 84' lang='lat' dir='ltr'><strong>libertatem</strong></span> <span class='ocrx_word' id='word_1_87' title='bbox 1405 1369 1496 1434; x_wconf 82' lang='lat' dir='ltr'><strong>Italiae</strong></span> 
     </span>
     <span class='ocr_line' id='line_1_11' title="bbox 259 1484 1495 1572; baseline -0.002 -21"><span class='ocrx_word' id='word_1_88' title='bbox 259 1506 406 1570; x_wconf 85' lang='lat' dir='ltr'><strong>propensa</strong></span> <span class='ocrx_word' id='word_1_89' title='bbox 428 1486 529 1566; x_wconf 72' lang='lat' dir='ltr'><strong>morit</strong></span> <span class='ocrx_word' id='word_1_90' title='bbox 552 1506 678 1572; x_wconf 87' lang='lat' dir='ltr'><strong>eamque</strong></span> <span class='ocrx_word' id='word_1_91' title='bbox 694 1487 786 1554; x_wconf 89' lang='lat' dir='ltr'><strong>fidem</strong></span> <span class='ocrx_word' id='word_1_92' title='bbox 809 1505 1007 1572; x_wconf 89' lang='lat' dir='ltr'><strong>quamsaepe</strong></span> <span class='ocrx_word' id='word_1_93' title='bbox 1029 1485 1117 1552; x_wconf 89' lang='lat' dir='ltr'><strong>nobis</strong></span> <span class='ocrx_word' id='word_1_94' title='bbox 1131 1484 1267 1552; x_wconf 85' lang='lat' dir='ltr'><strong>ostendit</strong></span> <span class='ocrx_word' id='word_1_95' title='bbox 1288 1485 1431 1552; x_wconf 83' lang='lat' dir='ltr'><strong>restituto</strong></span> <span class='ocrx_word' id='word_1_96' title='bbox 1450 1484 1495 1550; x_wconf 90' lang='lat' dir='ltr'><strong>du·</strong></span> 
     </span>
     <span class='ocr_line' id='line_1_12' title="bbox 258 1599 1495 1685; baseline -0.001 -19"><span class='ocrx_word' id='word_1_97' title='bbox 258 1603 328 1668; x_wconf 88' lang='lat' dir='ltr'><strong>catu</strong></span> <span class='ocrx_word' id='word_1_98' title='bbox 342 1601 509 1670; x_wconf 81' lang='lat' dir='ltr'><strong>Mediolani</strong></span> <span class='ocrx_word' id='word_1_99' title='bbox 531 1601 601 1669; x_wconf 90' lang='lat' dir='ltr'><strong>duci</strong></span> <span class='ocrx_word' id='word_1_100' title='bbox 616 1621 670 1669; x_wconf 93' lang='lat' dir='ltr'><strong>suo</strong></span> <span class='ocrx_word' id='word_1_101' title='bbox 693 1605 724 1670; x_wconf 90' lang='lat' dir='ltr'><strong>et</strong></span> <span class='ocrx_word' id='word_1_102' title='bbox 746 1603 873 1668; x_wconf 87' lang='lat' dir='ltr'><strong>castoris</strong></span> <span class='ocrx_word' id='word_1_103' title='bbox 889 1600 1034 1669; x_wconf 87' lang='lat' dir='ltr'><strong>rebusad</strong></span> <span class='ocrx_word' id='word_1_104' title='bbox 1056 1601 1138 1666; x_wconf 90' lang='lat' dir='ltr'><strong>hunc</strong></span> <span class='ocrx_word' id='word_1_105' title='bbox 1159 1600 1253 1666; x_wconf 87' lang='lat' dir='ltr'><strong>finem</strong></span> <span class='ocrx_word' id='word_1_106' title='bbox 1268 1599 1401 1680; x_wconf 87' lang='lat' dir='ltr'><strong>directis,</strong></span> <span class='ocrx_word' id='word_1_107' title='bbox 1422 1618 1495 1685; x_wconf 86' lang='lat' dir='ltr'><strong>prae·</strong></span> 
     </span>
     <span class='ocr_line' id='line_1_13' title="bbox 260 1714 1497 1804; baseline -0.002 -21"><span class='ocrx_word' id='word_1_108' title='bbox 260 1717 383 1797; x_wconf 80' lang='lat' dir='ltr'><strong>stiterit,</strong></span> <span class='ocrx_word' id='word_1_109' title='bbox 406 1718 521 1785; x_wconf 90' lang='lat' dir='ltr'><strong>orimus</strong></span> <span class='ocrx_word' id='word_1_110' title='bbox 545 1718 695 1804; x_wconf 84' lang='lat' dir='ltr'><strong>singulari</strong></span> <span class='ocrx_word' id='word_1_111' title='bbox 716 1720 776 1785; x_wconf 91' lang='lat' dir='ltr'><strong>Dei</strong></span> <span class='ocrx_word' id='word_1_112' title='bbox 796 1717 1016 1802; x_wconf 86' lang='lat' dir='ltr'><strong>omnipotentis</strong></span> <span class='ocrx_word' id='word_1_113' title='bbox 1038 1715 1192 1796; x_wconf 77' lang='lat' dir='ltr'><strong>beneficio,</strong></span> <span class='ocrx_word' id='word_1_114' title='bbox 1224 1715 1349 1801; x_wconf 81' lang='lat' dir='ltr'><strong>magnis</strong></span> <span class='ocrx_word' id='word_1_115' title='bbox 1371 1714 1497 1801; x_wconf 86' lang='lat' dir='ltr'><strong>periculis</strong></span> 
     </span>
    </p>
   </div>
   <div class='ocr_carea' id='block_1_3' title="bbox 141 1820 1498 1920">
    <p class='ocr_par' dir='ltr' id='par_1_3' title="bbox 141 1820 1498 1920">
     <span class='ocr_line' id='line_1_14' title="bbox 141 1820 1498 1920; baseline -0.004 -22"><span class='ocrx_word' id='word_1_116' title='bbox 141 1820 144 1828; x_wconf 65' lang='grc'>’</span> <span class='ocrx_word' id='word_1_117' title='bbox 258 1835 289 1898; x_wconf 85' lang='lat' dir='ltr'><strong>ct</strong></span> <span class='ocrx_word' id='word_1_118' title='bbox 311 1833 496 1900; x_wconf 87' lang='lat' dir='ltr'><strong>tumultibus</strong></span> <span class='ocrx_word' id='word_1_119' title='bbox 519 1834 656 1912; x_wconf 88' lang='lat' dir='ltr'><strong>liberati;</strong></span> <span class='ocrx_word' id='word_1_120' title='bbox 680 1835 708 1901; x_wconf 92' lang='lat' dir='ltr'><strong>si</strong></span> <span class='ocrx_word' id='word_1_121' title='bbox 729 1852 799 1902; x_wconf 85' lang='lat' dir='ltr'><strong>vero</strong></span> <span class='ocrx_word' id='word_1_122' title='bbox 823 1853 892 1920; x_wconf 89' lang='lat' dir='ltr'><strong>spes</strong></span> <span class='ocrx_word' id='word_1_123' title='bbox 914 1836 1037 1901; x_wconf 88' lang='lat' dir='ltr'><strong>nostrae</strong></span> <span class='ocrx_word' id='word_1_124' title='bbox 1067 1851 1153 1898; x_wconf 86' lang='lat' dir='ltr'><strong>secus</strong></span> <span class='ocrx_word' id='word_1_125' title='bbox 1183 1831 1355 1910; x_wconf 72' lang='lat' dir='ltr'><strong>ceciderint</strong></span> <span class='ocrx_word' id='word_1_126' title='bbox 1384 1833 1453 1898; x_wconf 88' lang='lat' dir='ltr'><strong>tnnc</strong></span> <span class='ocrx_word' id='word_1_127' title='bbox 1471 1849 1498 1894; x_wconf 87' lang='lat' dir='ltr'><strong>ea</strong></span> 
     </span>
    </p>
   </div>
   <div class='ocr_carea' id='block_1_4' title="bbox 258 1947 1501 3305">
    <p class='ocr_par' dir='ltr' id='par_1_4' title="bbox 258 1947 1501 3305">
     <span class='ocr_line' id='line_1_15' title="bbox 259 1947 1498 2035; baseline 0.001 -23"><span class='ocrx_word' id='word_1_128' title='bbox 259 1948 393 2014; x_wconf 88' lang='lat' dir='ltr'><strong>remedia</strong></span> <span class='ocrx_word' id='word_1_129' title='bbox 415 1949 571 2034; x_wconf 88' lang='lat' dir='ltr'><strong>capiemus</strong></span> <span class='ocrx_word' id='word_1_130' title='bbox 593 1969 670 2035; x_wconf 86' lang='lat' dir='ltr'><strong>quaa</strong></span> <span class='ocrx_word' id='word_1_131' title='bbox 692 1949 806 2016; x_wconf 81' lang='lat' dir='ltr'><strong>fuerint</strong></span> <span class='ocrx_word' id='word_1_132' title='bbox 820 1950 999 2030; x_wconf 80' lang='lat' dir='ltr'><strong>necessaria,</strong></span> <span class='ocrx_word' id='word_1_133' title='bbox 1022 1948 1061 2014; x_wconf 89' lang='lat' dir='ltr'><strong>ad</strong></span> <span class='ocrx_word' id='word_1_134' title='bbox 1084 1967 1161 2033; x_wconf 88' lang='lat' dir='ltr'><strong>quae</strong></span> <span class='ocrx_word' id='word_1_135' title='bbox 1182 1947 1308 2032; x_wconf 90' lang='lat' dir='ltr'><strong>quidam</strong></span> <span class='ocrx_word' id='word_1_136' title='bbox 1321 1948 1420 2014; x_wconf 87' lang='lat' dir='ltr'><strong>Deum</strong></span> <span class='ocrx_word' id='word_1_137' title='bbox 1440 1965 1498 2031; x_wconf 86' lang='lat' dir='ltr'><strong>pre·</strong></span> 
     </span>
     <span class='ocr_line' id='line_1_16' title="bbox 261 2063 1497 2164; baseline -0.002 -35"><span class='ocrx_word' id='word_1_138' title='bbox 261 2083 366 2130; x_wconf 87' lang='lat' dir='ltr'><strong>camur</strong></span> <span class='ocrx_word' id='word_1_139' title='bbox 390 2084 429 2132; x_wconf 90' lang='lat' dir='ltr'><strong>no</strong></span> <span class='ocrx_word' id='word_1_140' title='bbox 450 2065 634 2133; x_wconf 83' lang='lat' dir='ltr'><strong>veniendum</strong></span> <span class='ocrx_word' id='word_1_141' title='bbox 656 2065 745 2133; x_wconf 93' lang='lat' dir='ltr'><strong>nobis</strong></span> <span class='ocrx_word' id='word_1_142' title='bbox 768 2063 818 2131; x_wconf 79' lang='lat' dir='ltr'><strong>sit</strong></span> <span class='ocrx_word' id='word_1_143' title='bbox 864 2063 924 2130; x_wconf 87' lang='lat' dir='ltr'><strong>Sed</strong></span> <span class='ocrx_word' id='word_1_144' title='bbox 946 2066 1026 2131; x_wconf 86' lang='lat' dir='ltr'><strong>carta</strong></span> <span class='ocrx_word' id='word_1_145' title='bbox 1049 2064 1190 2164; x_wconf 83' lang='lat' dir='ltr'><strong>uolumus</strong></span> <span class='ocrx_word' id='word_1_146' title='bbox 1212 2063 1405 2130; x_wconf 87' lang='lat' dir='ltr'><strong>nobilitatem</strong></span> <span class='ocrx_word' id='word_1_147' title='bbox 1427 2063 1497 2127; x_wconf 85' lang='lat' dir='ltr'><strong>tuam</strong></span> 
     </span>
     <span class='ocr_line' id='line_1_17' title="bbox 258 2177 1498 2264; baseline -0.002 -20"><span class='ocrx_word' id='word_1_148' title='bbox 258 2181 303 2245; x_wconf 88' lang='lat' dir='ltr'><strong>ita</strong></span> <span class='ocrx_word' id='word_1_149' title='bbox 326 2182 469 2262; x_wconf 80' lang='lat' dir='ltr'><strong>statuere,</strong></span> <span class='ocrx_word' id='word_1_150' title='bbox 491 2200 548 2248; x_wconf 94' lang='lat' dir='ltr'><strong>nos</strong></span> <span class='ocrx_word' id='word_1_151' title='bbox 561 2201 617 2248; x_wconf 91' lang='lat' dir='ltr'><strong>nac</strong></span> <span class='ocrx_word' id='word_1_152' title='bbox 631 2183 770 2248; x_wconf 88' lang='lat' dir='ltr'><strong>nostram</strong></span> <span class='ocrx_word' id='word_1_153' title='bbox 793 2181 925 2247; x_wconf 86' lang='lat' dir='ltr'><strong>salutem</strong></span> <span class='ocrx_word' id='word_1_154' title='bbox 948 2199 984 2246; x_wconf 86' lang='lat' dir='ltr'><strong>ac</strong></span> <span class='ocrx_word' id='word_1_155' title='bbox 998 2179 1184 2263; x_wconf 78' lang='lat' dir='ltr'><strong>dignitatem</strong></span> <span class='ocrx_word' id='word_1_156' title='bbox 1206 2178 1304 2244; x_wconf 89' lang='lat' dir='ltr'><strong>ullam</strong></span> <span class='ocrx_word' id='word_1_157' title='bbox 1318 2181 1425 2264; x_wconf 86' lang='lat' dir='ltr'><strong>putare</strong></span> <span class='ocrx_word' id='word_1_158' title='bbox 1445 2177 1498 2242; x_wconf 89' lang='lat' dir='ltr'><strong>sina</strong></span> 
     </span>
     <span class='ocr_line' id='line_1_18' title="bbox 260 2289 1498 2382; baseline -0.006 -22"><span class='ocrx_word' id='word_1_159' title='bbox 260 2296 358 2361; x_wconf 86' lang='lat' dir='ltr'><strong>saluta</strong></span> <span class='ocrx_word' id='word_1_160' title='bbox 381 2297 413 2362; x_wconf 86' lang='lat' dir='ltr'><strong>et</strong></span> <span class='ocrx_word' id='word_1_161' title='bbox 434 2296 586 2382; x_wconf 83' lang='lat' dir='ltr'><strong>dignitate</strong></span> <span class='ocrx_word' id='word_1_162' title='bbox 608 2298 718 2377; x_wconf 85' lang='lat' dir='ltr'><strong>vostra,</strong></span> <span class='ocrx_word' id='word_1_163' title='bbox 741 2315 796 2363; x_wconf 92' lang='lat' dir='ltr'><strong>nec</strong></span> <span class='ocrx_word' id='word_1_164' title='bbox 826 2295 988 2362; x_wconf 89' lang='lat' dir='ltr'><strong>consilinm</strong></span> <span class='ocrx_word' id='word_1_165' title='bbox 1011 2294 1100 2361; x_wconf 94' lang='lat' dir='ltr'><strong>nobis</strong></span> <span class='ocrx_word' id='word_1_166' title='bbox 1123 2293 1223 2360; x_wconf 91' lang='lat' dir='ltr'><strong>ullum</strong></span> <span class='ocrx_word' id='word_1_167' title='bbox 1246 2289 1308 2360; x_wconf 88' lang='lat' dir='ltr'><strong>nisi</strong></span> <span class='ocrx_word' id='word_1_168' title='bbox 1329 2293 1368 2360; x_wconf 88' lang='lat' dir='ltr'><strong>da</strong></span> <span class='ocrx_word' id='word_1_169' title='bbox 1389 2291 1498 2360; x_wconf 82' lang='lat' dir='ltr'><strong>oonsilio</strong></span> 
     </span>
     <span class='ocr_line' id='line_1_19' title="bbox 260 2405 1498 2497; baseline -0.006 -21"><span class='ocrx_word' id='word_1_170' title='bbox 260 2413 361 2478; x_wconf 83' lang='lat' dir='ltr'><strong>restro</strong></span> <span class='ocrx_word' id='word_1_171' title='bbox 383 2431 450 2480; x_wconf 90' lang='lat' dir='ltr'><strong>esse</strong></span> <span class='ocrx_word' id='word_1_172' title='bbox 472 2414 622 2497; x_wconf 85' lang='lat' dir='ltr'><strong>capturos.</strong></span> <span class='ocrx_word' id='word_1_173' title='bbox 668 2410 755 2493; x_wconf 84' lang='lat' dir='ltr'><strong>Quod</strong></span> <span class='ocrx_word' id='word_1_174' title='bbox 776 2432 858 2479; x_wconf 91' lang='lat' dir='ltr'><strong>nunc</strong></span> <span class='ocrx_word' id='word_1_175' title='bbox 887 2413 1011 2496; x_wconf 87' lang='lat' dir='ltr'><strong>repento</strong></span> <span class='ocrx_word' id='word_1_176' title='bbox 1033 2412 1066 2476; x_wconf 87' lang='lat' dir='ltr'><strong>et</strong></span> <span class='ocrx_word' id='word_1_177' title='bbox 1086 2429 1140 2495; x_wconf 89' lang='lat' dir='ltr'><strong>per</strong></span> <span class='ocrx_word' id='word_1_178' title='bbox 1162 2408 1345 2476; x_wconf 85' lang='lat' dir='ltr'><strong>brevitatem</strong></span> <span class='ocrx_word' id='word_1_179' title='bbox 1368 2405 1498 2494; x_wconf 83' lang='lat' dir='ltr'><strong>temporis</strong></span> 
     </span>
     <span class='ocr_line' id='line_1_20' title="bbox 260 2522 1499 2608; baseline 0.002 -16"><span class='ocrx_word' id='word_1_180' title='bbox 260 2526 375 2593; x_wconf 87' lang='lat' dir='ltr'><strong>factum</strong></span> <span class='ocrx_word' id='word_1_181' title='bbox 390 2529 439 2594; x_wconf 88' lang='lat' dir='ltr'><strong>est</strong></span> <span class='ocrx_word' id='word_1_182' title='bbox 453 2529 550 2594; x_wconf 85' lang='lat' dir='ltr'><strong>utros</strong></span> <span class='ocrx_word' id='word_1_183' title='bbox 566 2545 627 2595; x_wconf 92' lang='lat' dir='ltr'><strong>non</strong></span> <span class='ocrx_word' id='word_1_184' title='bbox 642 2528 876 2608; x_wconf 85' lang='lat' dir='ltr'><strong>consuleremus,</strong></span> <span class='ocrx_word' id='word_1_185' title='bbox 891 2526 924 2592; x_wconf 93' lang='lat' dir='ltr'><strong>id</strong></span> <span class='ocrx_word' id='word_1_186' title='bbox 938 2525 1048 2592; x_wconf 91' lang='lat' dir='ltr'><strong>habuit</strong></span> <span class='ocrx_word' id='word_1_187' title='bbox 1062 2524 1277 2592; x_wconf 74' lang='lat' dir='ltr'><strong>necessitatem</strong></span> <span class='ocrx_word' id='word_1_188' title='bbox 1291 2522 1499 2594; x_wconf 75' lang='lat' dir='ltr'><strong>incurabilem</strong></span> 
     </span>
     <span class='ocr_line' id='line_1_21' title="bbox 260 2639 1500 2728; baseline -0.004 -20"><span class='ocrx_word' id='word_1_189' title='bbox 260 2642 360 2708; x_wconf 91' lang='lat' dir='ltr'><strong>omnis</strong></span> <span class='ocrx_word' id='word_1_190' title='bbox 391 2642 514 2727; x_wconf 87' lang='lat' dir='ltr'><strong>quidem</strong></span> <span class='ocrx_word' id='word_1_191' title='bbox 544 2644 648 2710; x_wconf 85' lang='lat' dir='ltr'><strong>nostra</strong></span> <span class='ocrx_word' id='word_1_192' title='bbox 671 2643 817 2728; x_wconf 82' lang='lat' dir='ltr'><strong>cogitatio</strong></span> <span class='ocrx_word' id='word_1_193' title='bbox 839 2642 879 2707; x_wconf 91' lang='lat' dir='ltr'><strong>ad</strong></span> <span class='ocrx_word' id='word_1_194' title='bbox 900 2660 955 2708; x_wconf 81' lang='lat' dir='ltr'><strong>vos</strong></span> <span class='ocrx_word' id='word_1_195' title='bbox 979 2641 1098 2707; x_wconf 85' lang='lat' dir='ltr'><strong>intenta</strong></span> <span class='ocrx_word' id='word_1_196' title='bbox 1129 2659 1248 2724; x_wconf 86' lang='lat' dir='ltr'><strong>semper</strong></span> <span class='ocrx_word' id='word_1_197' title='bbox 1277 2640 1338 2706; x_wconf 84' lang='lat' dir='ltr'><strong>fuit</strong></span> <span class='ocrx_word' id='word_1_198' title='bbox 1360 2641 1391 2706; x_wconf 88' lang='lat' dir='ltr'><strong>et</strong></span> <span class='ocrx_word' id='word_1_199' title='bbox 1411 2639 1500 2704; x_wconf 85' lang='lat' dir='ltr'><strong>lutura</strong></span> 
     </span>
     <span class='ocr_line' id='line_1_22' title="bbox 260 2753 1497 2840; baseline -0.004 -16"><span class='ocrx_word' id='word_1_200' title='bbox 260 2759 316 2838; x_wconf 79' lang='lat' dir='ltr'><strong>ost,</strong></span> <span class='ocrx_word' id='word_1_201' title='bbox 339 2777 450 2826; x_wconf 87' lang='lat' dir='ltr'><strong>nomen</strong></span> <span class='ocrx_word' id='word_1_202' title='bbox 465 2759 548 2825; x_wconf 91' lang='lat' dir='ltr'><strong>enim</strong></span> <span class='ocrx_word' id='word_1_203' title='bbox 571 2760 602 2825; x_wconf 91' lang='lat' dir='ltr'><strong>et</strong></span> <span class='ocrx_word' id='word_1_204' title='bbox 615 2759 791 2826; x_wconf 83' lang='lat' dir='ltr'><strong>libertatem</strong></span> <span class='ocrx_word' id='word_1_205' title='bbox 807 2759 838 2824; x_wconf 91' lang='lat' dir='ltr'><strong>et</strong></span> <span class='ocrx_word' id='word_1_206' title='bbox 852 2757 944 2824; x_wconf 88' lang='lat' dir='ltr'><strong>decus</strong></span> <span class='ocrx_word' id='word_1_207' title='bbox 959 2756 1069 2823; x_wconf 88' lang='lat' dir='ltr'><strong>Italiae</strong></span> <span class='ocrx_word' id='word_1_208' title='bbox 1091 2775 1161 2822; x_wconf 93' lang='lat' dir='ltr'><strong>cum</strong></span> <span class='ocrx_word' id='word_1_209' title='bbox 1176 2755 1286 2840; x_wconf 86' lang='lat' dir='ltr'><strong>primis</strong></span> <span class='ocrx_word' id='word_1_210' title='bbox 1309 2755 1344 2822; x_wconf 89' lang='lat' dir='ltr'><strong>in</strong></span> <span class='ocrx_word' id='word_1_211' title='bbox 1358 2753 1440 2822; x_wconf 86' lang='lat' dir='ltr'><strong>robis</strong></span> <span class='ocrx_word' id='word_1_212' title='bbox 1455 2753 1497 2818; x_wconf 91' lang='lat' dir='ltr'><strong>iu·</strong></span> 
     </span>
     <span class='ocr_line' id='line_1_23' title="bbox 260 2870 1499 2959; baseline -0.006 -18"><span class='ocrx_word' id='word_1_213' title='bbox 260 2873 431 2959; x_wconf 84' lang='lat' dir='ltr'><strong>ialligimus</strong></span> <span class='ocrx_word' id='word_1_214' title='bbox 461 2875 605 2959; x_wconf 88' lang='lat' dir='ltr'><strong>positum.</strong></span> <span class='ocrx_word' id='word_1_215' title='bbox 651 2873 711 2942; x_wconf 85' lang='lat' dir='ltr'><strong>Sed</strong></span> <span class='ocrx_word' id='word_1_216' title='bbox 740 2893 827 2958; x_wconf 87' lang='lat' dir='ltr'><strong>spem</strong></span> <span class='ocrx_word' id='word_1_217' title='bbox 856 2873 890 2939; x_wconf 92' lang='lat' dir='ltr'><strong>in</strong></span> <span class='ocrx_word' id='word_1_218' title='bbox 912 2872 1044 2939; x_wconf 92' lang='lat' dir='ltr'><strong>Domino</strong></span> <span class='ocrx_word' id='word_1_219' title='bbox 1067 2873 1131 2938; x_wconf 90' lang='lat' dir='ltr'><strong>Deo</strong></span> <span class='ocrx_word' id='word_1_220' title='bbox 1159 2871 1324 2952; x_wconf 81' lang='lat' dir='ltr'><strong>babemus,</strong></span> <span class='ocrx_word' id='word_1_221' title='bbox 1355 2870 1499 2938; x_wconf 88' lang='lat' dir='ltr'><strong>meliorem</strong></span> 
     </span>
     <span class='ocr_line' id='line_1_24' title="bbox 262 2987 1501 3074; baseline -0.004 -18"><span class='ocrx_word' id='word_1_222' title='bbox 262 2989 325 3056; x_wconf 89' lang='lat' dir='ltr'><strong>lora</strong></span> <span class='ocrx_word' id='word_1_223' title='bbox 340 2988 508 3069; x_wconf 83' lang='lat' dir='ltr'><strong>Caesarem,</strong></span> <span class='ocrx_word' id='word_1_224' title='bbox 531 3009 624 3074; x_wconf 90' lang='lat' dir='ltr'><strong>quam</strong></span> <span class='ocrx_word' id='word_1_225' title='bbox 639 2988 768 3057; x_wconf 86' lang='lat' dir='ltr'><strong>forsitan</strong></span> <span class='ocrx_word' id='word_1_226' title='bbox 790 2989 888 3074; x_wconf 90' lang='lat' dir='ltr'><strong>ipsius</strong></span> <span class='ocrx_word' id='word_1_227' title='bbox 911 2988 1048 3055; x_wconf 91' lang='lat' dir='ltr'><strong>ministri</strong></span> <span class='ocrx_word' id='word_1_228' title='bbox 1062 2987 1167 3068; x_wconf 84' lang='lat' dir='ltr'><strong>velint,</strong></span> <span class='ocrx_word' id='word_1_229' title='bbox 1183 2987 1236 3072; x_wconf 89' lang='lat' dir='ltr'><strong>qni</strong></span> <span class='ocrx_word' id='word_1_230' title='bbox 1256 3007 1294 3052; x_wconf 85' lang='lat' dir='ltr'><strong>ex</strong></span> <span class='ocrx_word' id='word_1_231' title='bbox 1309 2987 1427 3071; x_wconf 76' lang='lat' dir='ltr'><strong>sperata</strong></span> <span class='ocrx_word' id='word_1_232' title='bbox 1439 2999 1501 3068; x_wconf 72' lang='lat' dir='ltr'><strong>paor</strong></span> 
     </span>
     <span class='ocr_line' id='line_1_25' title="bbox 261 3097 1500 3190; baseline -0.006 -19"><span class='ocrx_word' id='word_1_233' title='bbox 261 3104 455 3190; x_wconf 86' lang='lat' dir='ltr'><strong>oppressione</strong></span> <span class='ocrx_word' id='word_1_234' title='bbox 478 3106 578 3172; x_wconf 90' lang='lat' dir='ltr'><strong>status</strong></span> <span class='ocrx_word' id='word_1_235' title='bbox 593 3104 831 3172; x_wconf 87' lang='lat' dir='ltr'><strong>Mediolanensis</strong></span> <span class='ocrx_word' id='word_1_236' title='bbox 846 3106 931 3171; x_wconf 75' lang='lat' dir='ltr'><strong>auos</strong></span> <span class='ocrx_word' id='word_1_237' title='bbox 954 3104 1069 3170; x_wconf 90' lang='lat' dir='ltr'><strong>bollum</strong></span> <span class='ocrx_word' id='word_1_238' title='bbox 1091 3103 1222 3170; x_wconf 81' lang='lat' dir='ltr'><strong>excitare</strong></span> <span class='ocrx_word' id='word_1_239' title='bbox 1244 3102 1347 3169; x_wconf 85' lang='lat' dir='ltr'><strong>conati</strong></span> <span class='ocrx_word' id='word_1_240' title='bbox 1369 3103 1444 3178; x_wconf 86' lang='lat' dir='ltr'><strong>sunl,</strong></span> <span class='ocrx_word' id='word_1_241' title='bbox 1459 3097 1500 3164; x_wconf 89' lang='lat' dir='ltr'><strong>cui</strong></span> 
     </span>
     <span class='ocr_line' id='line_1_26' title="bbox 263 3215 1501 3305; baseline -0.006 -20"><span class='ocrx_word' id='word_1_242' title='bbox 263 3220 346 3286; x_wconf 90' lang='lat' dir='ltr'><strong>malo</strong></span> <span class='ocrx_word' id='word_1_243' title='bbox 368 3219 466 3305; x_wconf 88' lang='lat' dir='ltr'><strong>ipsius</strong></span> <span class='ocrx_word' id='word_1_244' title='bbox 490 3218 627 3287; x_wconf 80' lang='lat' dir='ltr'><strong>(laesuris</strong></span> <span class='ocrx_word' id='word_1_245' title='bbox 651 3221 789 3305; x_wconf 87' lang='lat' dir='ltr'><strong>aequitas</strong></span> <span class='ocrx_word' id='word_1_246' title='bbox 811 3221 842 3287; x_wconf 88' lang='lat' dir='ltr'><strong>et</strong></span> <span class='ocrx_word' id='word_1_247' title='bbox 857 3219 1016 3305; x_wconf 85' lang='lat' dir='ltr'><strong>prudentia</strong></span> <span class='ocrx_word' id='word_1_248' title='bbox 1039 3218 1248 3303; x_wconf 84' lang='lat' dir='ltr'><strong>opitulabitur.</strong></span> <span class='ocrx_word' id='word_1_249' title='bbox 1292 3218 1356 3284; x_wconf 79' lang='lat' dir='ltr'><strong>luo</strong></span> <span class='ocrx_word' id='word_1_250' title='bbox 1378 3215 1501 3284; x_wconf 78' lang='lat' dir='ltr'><strong>sialiter</strong></span> 
     </span>
    </p>
   </div>
   <div class='ocr_carea' id='block_1_5' title="bbox 259 3328 1502 3751">
    <p class='ocr_par' dir='ltr' id='par_1_5' title="bbox 259 3328 1502 3751">
     <span class='ocr_line' id='line_1_27' title="bbox 263 3328 1500 3422; baseline -0.006 -19"><span class='ocrx_word' id='word_1_251' title='bbox 263 3336 406 3417; x_wconf 73' lang='lat' dir='ltr'><strong>evenerit</strong></span> <span class='ocrx_word' id='word_1_252' title='bbox 429 3355 544 3422; x_wconf 87' lang='lat' dir='ltr'><strong>nosque</strong></span> <span class='ocrx_word' id='word_1_253' title='bbox 567 3356 619 3421; x_wconf 85' lang='lat' dir='ltr'><strong>spe</strong></span> <span class='ocrx_word' id='word_1_254' title='bbox 636 3337 708 3402; x_wconf 84' lang='lat' dir='ltr'><strong>falsi</strong></span> <span class='ocrx_word' id='word_1_255' title='bbox 730 3336 853 3416; x_wconf 85' lang='lat' dir='ltr'><strong>erimus,</strong></span> <span class='ocrx_word' id='word_1_256' title='bbox 881 3354 944 3402; x_wconf 95' lang='lat' dir='ltr'><strong>non</strong></span> <span class='ocrx_word' id='word_1_257' title='bbox 966 3353 1073 3401; x_wconf 90' lang='lat' dir='ltr'><strong>sumus</strong></span> <span class='ocrx_word' id='word_1_258' title='bbox 1095 3351 1130 3400; x_wconf 94' lang='lat' dir='ltr'><strong>eo</strong></span> <span class='ocrx_word' id='word_1_259' title='bbox 1152 3353 1225 3400; x_wconf 86' lang='lat' dir='ltr'><strong>casu</strong></span> <span class='ocrx_word' id='word_1_260' title='bbox 1247 3353 1304 3400; x_wconf 88' lang='lat' dir='ltr'><strong>nac</strong></span> <span class='ocrx_word' id='word_1_261' title='bbox 1325 3335 1440 3400; x_wconf 84' lang='lat' dir='ltr'><strong>vestrae</strong></span> <span class='ocrx_word' id='word_1_262' title='bbox 1458 3328 1500 3394; x_wconf 91' lang='lat' dir='ltr'><strong>di·</strong></span> 
     </span>
     <span class='ocr_line' id='line_1_28' title="bbox 264 3445 1502 3537; baseline -0.006 -19"><span class='ocrx_word' id='word_1_263' title='bbox 264 3451 381 3537; x_wconf 87' lang='lat' dir='ltr'><strong>gnitati</strong></span> <span class='ocrx_word' id='word_1_264' title='bbox 403 3469 459 3519; x_wconf 86' lang='lat' dir='ltr'><strong>uec</strong></span> <span class='ocrx_word' id='word_1_265' title='bbox 482 3453 576 3518; x_wconf 91' lang='lat' dir='ltr'><strong>saluti</strong></span> <span class='ocrx_word' id='word_1_266' title='bbox 598 3452 707 3518; x_wconf 86' lang='lat' dir='ltr'><strong>Italiae</strong></span> <span class='ocrx_word' id='word_1_267' title='bbox 729 3452 792 3518; x_wconf 94' lang='lat' dir='ltr'><strong>ullo</strong></span> <span class='ocrx_word' id='word_1_268' title='bbox 814 3452 879 3518; x_wconf 87' lang='lat' dir='ltr'><strong>loco</strong></span> <span class='ocrx_word' id='word_1_269' title='bbox 901 3450 1042 3517; x_wconf 87' lang='lat' dir='ltr'><strong>defuturi.</strong></span> <span class='ocrx_word' id='word_1_270' title='bbox 1088 3446 1174 3515; x_wconf 87' lang='lat' dir='ltr'><strong>Sicut</strong></span> <span class='ocrx_word' id='word_1_271' title='bbox 1194 3468 1265 3515; x_wconf 92' lang='lat' dir='ltr'><strong>cum</strong></span> <span class='ocrx_word' id='word_1_272' title='bbox 1287 3449 1392 3516; x_wconf 65' lang='lat' dir='ltr'><strong>emam</strong></span> <span class='ocrx_word' id='word_1_273' title='bbox 1414 3445 1502 3513; x_wconf 70' lang='lat' dir='ltr'><strong>marco</strong></span> 
     </span>
     <span class='ocr_line' id='line_1_29' title="bbox 263 3559 1499 3650; baseline -0.009 -16"><span class='ocrx_word' id='word_1_274' title='bbox 263 3569 382 3635; x_wconf 86' lang='lat' dir='ltr'><strong>oratore</strong></span> <span class='ocrx_word' id='word_1_275' title='bbox 405 3569 505 3634; x_wconf 85' lang='lat' dir='ltr'><strong>restro</strong></span> <span class='ocrx_word' id='word_1_276' title='bbox 533 3568 627 3634; x_wconf 87' lang='lat' dir='ltr'><strong>latius</strong></span> <span class='ocrx_word' id='word_1_277' title='bbox 658 3567 754 3634; x_wconf 87' lang='lat' dir='ltr'><strong>locuti</strong></span> <span class='ocrx_word' id='word_1_278' title='bbox 782 3586 898 3646; x_wconf 86' lang='lat' dir='ltr'><strong>sumus,</strong></span> <span class='ocrx_word' id='word_1_279' title='bbox 926 3565 980 3650; x_wconf 89' lang='lat' dir='ltr'><strong>qni</strong></span> <span class='ocrx_word' id='word_1_280' title='bbox 1006 3564 1045 3631; x_wconf 91' lang='lat' dir='ltr'><strong>ad</strong></span> <span class='ocrx_word' id='word_1_281' title='bbox 1073 3582 1127 3631; x_wconf 85' lang='lat' dir='ltr'><strong>ros</strong></span> <span class='ocrx_word' id='word_1_282' title='bbox 1149 3565 1238 3649; x_wconf 89' lang='lat' dir='ltr'><strong>plena</strong></span> <span class='ocrx_word' id='word_1_283' title='bbox 1267 3564 1372 3630; x_wconf 88' lang='lat' dir='ltr'><strong>omnia</strong></span> <span class='ocrx_word' id='word_1_284' title='bbox 1399 3559 1499 3630; x_wconf 80' lang='lat' dir='ltr'><strong>rolemt</strong></span> 
     </span>
     <span class='ocr_line' id='line_1_30' title="bbox 259 3673 1345 3751; baseline -0.005 -1"><span class='ocrx_word' id='word_1_285' title='bbox 259 3683 376 3750; x_wconf 90' lang='lat' dir='ltr'><strong>Datum</strong></span> <span class='ocrx_word' id='word_1_286' title='bbox 399 3684 514 3750; x_wconf 81' lang='lat' dir='ltr'><strong>Romae</strong></span> <span class='ocrx_word' id='word_1_287' title='bbox 536 3683 592 3751; x_wconf 88' lang='lat' dir='ltr'><strong>oto.</strong></span> <span class='ocrx_word' id='word_1_288' title='bbox 615 3683 664 3750; x_wconf 91' lang='lat' dir='ltr'><strong>die</strong></span> <span class='ocrx_word' id='word_1_289' title='bbox 686 3682 743 3749; x_wconf 84' lang='lat' dir='ltr'><strong>uir.</strong></span> <span class='ocrx_word' id='word_1_290' title='bbox 767 3682 945 3749; x_wconf 87' lang='lat' dir='ltr'><strong>Decembris</strong></span> <span class='ocrx_word' id='word_1_291' title='bbox 967 3679 1087 3747; x_wconf 82' lang='lat' dir='ltr'><strong>mdxuv.</strong></span> <span class='ocrx_word' id='word_1_292' title='bbox 1113 3673 1220 3746; x_wconf 77' lang='lat' dir='ltr'><strong>&#39;enno</strong></span> <span class='ocrx_word' id='word_1_293' title='bbox 1244 3679 1345 3747; x_wconf 86' lang='lat' dir='ltr'><strong>tertio.</strong></span> 
     </span>
    </p>
   </div>
   <div class='ocr_carea' id='block_1_6' title="bbox 755 3941 1023 4180">
    <p class='ocr_par' dir='ltr' id='par_1_6' title="bbox 755 3941 1023 4180">
     <span class='ocr_line' id='line_1_31' title="bbox 855 3941 927 4008; baseline 0 -2"><span class='ocrx_word' id='word_1_294' title='bbox 855 3941 927 4008; x_wconf 78' lang='lat'>155.</span> 
     </span>
     <span class='ocr_line' id='line_1_32' title="bbox 755 4105 1023 4180; baseline -0.015 -13"><span class='ocrx_word' id='word_1_295' title='bbox 755 4109 841 4180; x_wconf 72' lang='lat' dir='ltr'><strong>Regu</strong></span> <span class='ocrx_word' id='word_1_296' title='bbox 863 4105 1023 4178; x_wconf 77' lang='lat' dir='ltr'><strong>Anguae.</strong></span> 
     </span>
    </p>
   </div>
   <div class='ocr_carea' id='block_1_7' title="bbox 262 4253 1498 4458">
    <p class='ocr_par' dir='ltr' id='par_1_7' title="bbox 262 4253 1498 4458">
     <span class='ocr_line' id='line_1_33' title="bbox 350 4253 1497 4343; baseline -0.006 -19"><span class='ocrx_word' id='word_1_297' title='bbox 350 4258 523 4326; x_wconf 87' lang='lat' dir='ltr'><strong>Carissimo.</strong></span> <span class='ocrx_word' id='word_1_298' title='bbox 560 4259 719 4326; x_wconf 85' lang='lat' dir='ltr'><strong>Credimus</strong></span> <span class='ocrx_word' id='word_1_299' title='bbox 742 4263 818 4326; x_wconf 73' lang='lat' dir='ltr'><strong>ser.ti</strong></span> <span class='ocrx_word' id='word_1_300' title='bbox 838 4261 908 4326; x_wconf 90' lang='lat' dir='ltr'><strong>tuae</strong></span> <span class='ocrx_word' id='word_1_301' title='bbox 931 4259 1004 4325; x_wconf 89' lang='lat' dir='ltr'><strong>uota</strong></span> <span class='ocrx_word' id='word_1_302' title='bbox 1026 4277 1092 4324; x_wconf 89' lang='lat' dir='ltr'><strong>esso</strong></span> <span class='ocrx_word' id='word_1_303' title='bbox 1108 4255 1210 4323; x_wconf 72' lang='lat' dir='ltr'><strong>studia</strong></span> <span class='ocrx_word' id='word_1_304' title='bbox 1226 4259 1331 4324; x_wconf 87' lang='lat' dir='ltr'><strong>nostra</strong></span> <span class='ocrx_word' id='word_1_305' title='bbox 1353 4253 1497 4343; x_wconf 79' lang='lat' dir='ltr'><strong>praeterita</strong></span> 
     </span>
     <span class='ocr_line' id='line_1_34' title="bbox 262 4371 1498 4458; baseline -0.004 -21"><span class='ocrx_word' id='word_1_306' title='bbox 262 4371 465 4440; x_wconf 84' lang='lat' dir='ltr'><strong>conciliandae</strong></span> <span class='ocrx_word' id='word_1_307' title='bbox 481 4374 651 4440; x_wconf 88' lang='lat' dir='ltr'><strong>communie</strong></span> <span class='ocrx_word' id='word_1_308' title='bbox 665 4374 757 4458; x_wconf 76' lang='lat' dir='ltr'><strong>pacis,</strong></span> <span class='ocrx_word' id='word_1_309' title='bbox 773 4373 932 4458; x_wconf 88' lang='lat' dir='ltr'><strong>inquibus</strong></span> <span class='ocrx_word' id='word_1_310' title='bbox 954 4391 1010 4439; x_wconf 91' lang='lat' dir='ltr'><strong>uos</strong></span> <span class='ocrx_word' id='word_1_311' title='bbox 1034 4391 1153 4456; x_wconf 84' lang='lat' dir='ltr'><strong>semper</strong></span> <span class='ocrx_word' id='word_1_312' title='bbox 1167 4373 1432 4456; x_wconf 78' lang='lat' dir='ltr'><strong>perseveravimus,</strong></span> <span class='ocrx_word' id='word_1_313' title='bbox 1451 4385 1498 4434; x_wconf 84' lang='lat' dir='ltr'><strong>uec</strong></span> 
     </span>
    </p>
   </div>
   <div class='ocr_carea' id='block_1_8' title="bbox 0 0 1578 4900">
    <p class='ocr_par' dir='ltr' id='par_1_8' title="bbox 0 0 1578 4900">
     <span class='ocr_line' id='line_1_35' title="bbox 0 0 1578 4900; baseline 0 0"><span class='ocrx_word' id='word_1_314' title='bbox 0 0 1578 4900; x_wconf 95' lang='lat' dir='ltr'><strong> </strong></span> 
     </span>
    </p>
   </div>
  </div>
 </body>
</html>
