3258 4904
614 307 859 378 -4'13-

113 505 231 573 elensis.
277 505 402 572 Necnon
431 506 462 571 et
491 504 594 572 omnia
616 504 802 572 monasteria
831 505 896 570 tam
919 522 1122 585 monacorum,
1150 523 1300 589 quamquo
1329 505 1360 570 ct

113 639 307 688 monaoarum
330 622 386 687 sub
401 621 467 688 eius
489 621 621 688 modone
642 621 827 707 degentium,
851 621 941 704 atque
961 621 1018 686 sub
1040 620 1210 687 monastica
1228 621 1360 686 Domino

113 738 315 805 militantium
343 757 458 804 norma.
504 735 698 804 Conferentes
727 737 785 803 tibi
813 737 935 821 tuisque
964 735 1186 802 successoribus
1214 738 1361 804 honorem

112 856 186 939 palii
209 857 243 920 in
271 855 450 939 perpetuum
480 871 533 919 sou
562 872 684 919 omnem
713 852 920 938 pontificalem
950 851 1066 919 decoris
1096 871 1195 931 usum,
1226 853 1305 918 siout
1327 852 1360 918 in

112 971 244 1054 epistola
275 970 332 1035 tibi
362 969 546 1035 transmissa
576 968 763 1036 concedendo
789 967 1046 1047 confirmavimus,
1075 968 1238 1036 muniendo
1267 970 1361 1036 etiam

113 1088 251 1154 sanctam
274 1085 483 1152 Ravennatem
512 1084 680 1163 ecclesiam,
702 1085 734 1150 te
763 1085 891 1169 tuosque
920 1103 1107 1151 successores
1129 1085 1162 1150 in
1183 1086 1361 1170 perpetuum

112 1203 290 1269 roboramus
305 1218 519 1286 permansuras
534 1218 640 1267 omnes
655 1200 831 1267 collationes
854 1202 945 1285 atque
962 1201 1199 1286 conscriptiones
1215 1221 1359 1286 quorum·

114 1320 190 1386 libet
212 1317 373 1386 hominum
394 1316 428 1382 in
450 1316 556 1382 eadam
579 1315 706 1383 ecclesia
729 1316 825 1382 factm
847 1317 896 1382 uel
918 1317 1073 1384 molendas
1097 1319 1161 1385 sive
1184 1318 1362 1385 donationes

113 1436 351 1502 christianorum
373 1432 510 1499 fidebam
534 1432 581 1499 vel
604 1450 680 1517 quus
702 1432 748 1517 pii
770 1452 805 1499 ac
826 1432 964 1517 religiosi
978 1433 1118 1500 homines
1139 1437 1287 1502 hactenus
1310 1454 1363 1519 per

112 1553 235 1636 eulogia
256 1551 378 1616 tuorum
400 1549 654 1616 testamentorum
677 1549 725 1615 ael
754 1567 808 1632 per
829 1549 996 1633 quemlibet
1018 1549 1142 1615 modum
1165 1551 1215 1618 vel
1236 1551 1362 1616 titulum

113 1670 146 1734 in
167 1667 275 1734 eodem
304 1666 410 1731 sancta
438 1664 670 1732 Rauennatense
700 1664 869 1749 antiquitus
899 1664 1083 1732 dimiserunt
1111 1667 1238 1733 eeclesia
1259 1665 1363 1734 uelin

112 1785 251 1850 futurum
274 1783 346 1847 sunt
374 1799 428 1864 pro
458 1779 664 1864 redemptione
693 1779 866 1872 animarum
896 1799 1021 1847 suarum
1043 1783 1178 1866 tempore
1207 1783 1363 1860 collaturi3

113 1897 289 1966 sanctiendo
312 1897 405 1964 etiam
421 1895 637 1963 confirmamus
660 1897 782 1963 sanotae
796 1897 968 1963 &connati
991 1898 1133 1965 ecelesiae
1154 1899 1234 1965 siout
1248 1899 1365 1984 primae

113 2017 193 2083 inter
215 2016 330 2082 ceteras
357 2013 479 2080 sanotae
509 2012 600 2077 huius
623 2011 784 2079 Ravennae
813 2013 956 2079 ecclcsiae
982 2013 1064 2080 filiae
1094 2014 1259 2082 secundum
1290 2035 1364 2083 oon·

113 2131 290 2198 stitutiones
305 2127 573 2214 Longobardorum
596 2146 704 2213 regum
727 2130 758 2195 et
780 2128 911 2194 aliorum
932 2128 1143 2213 piissimorum
1157 2132 1366 2198 Romamrum

113 2248 334 2332 imperatorum
358 2247 394 2311 ut
419 2244 446 2310 si
469 2243 630 2330 quisquam
663 2244 872 2330 episcoporum
895 2264 930 2311 ex
954 2247 1181 2314 conservatione
1203 2247 1365 2314 Muenna·

113 2364 211 2432 tensis
227 2361 405 2447 pontificum
422 2358 517 2426 totius
531 2359 689 2426 Acmaliae
712 2360 884 2441 decesserit
907 2362 1010 2427 nullus
1026 2361 1086 2428 dur
1100 2363 1236 2429 marchio
1259 2381 1368 2442 comes,

113 2482 166 2546 aut
189 2478 303 2563 aliquis
326 2475 469 2543 minister
490 2475 631 2559 publicus
655 2477 790 2559 aliquam
819 2477 864 2542 ibi
887 2477 1096 2560 predationem
1119 2479 1173 2543 aut
1201 2479 1367 2544 maberie-

113 2597 212 2661 tatem
235 2593 328 2660 iaciat
350 2591 403 2658 ssd
424 2591 517 2658 liceat
539 2589 772 2675 archiepiscopis
803 2592 925 2658 sanotae
947 2592 1135 2659 Ravennatis
1163 2594 1307 2660 ecclesiae
1329 2593 1369 2659 ud

112 2713 218 2796 ipsum
240 2708 448 2794 episcopatum
463 2708 495 2772 et
517 2706 671 2791 adipeam
686 2709 846 2775 ecclesiam
870 2708 1035 2774 secundum
1058 2709 1217 2793 antiquam
1240 2728 1366 2776 consue-

111 2828 254 2894 tudinem
277 2844 331 2910 pro
347 2822 548 2907 descriptione
571 2821 708 2889 facienda
730 2824 821 2907 atque
836 2824 982 2892 electione
1004 2824 1136 2891 missum
1158 2826 1369 2892 transmittere

113 2945 145 3011 ct
166 2944 270 3027 ipsum
293 2942 424 3008 electum
446 2957 483 3005 cx
504 2953 588 3005 more
606 2940 761 3019 investire,
784 2941 815 3006 et
837 2940 932 3006 libere
955 2941 1046 3024 atque
1062 2941 1239 3007 solemniter
1261 2959 1367 3007 consc-

114 3078 207 3138 crare‚
231 3058 285 3124 sed
307 3059 338 3123 et
358 3055 442 3122 istud
464 3052 613 3120 censendo
636 3056 706 3120 tuae
729 3053 885 3122 dilectioni
909 3055 1067 3121 carissime
1090 3055 1184 3123 frater
1206 3058 1237 3121 et
1259 3056 1305 3121 fili
1329 3057 1366 3122 ob

114 3173 347 3260 perversitatem
370 3171 488 3236 futurae
510 3171 622 3254 gentis,
645 3171 677 3236 et
691 3171 887 3238 ecelesiarum
911 3170 1130 3237 desolationem
1149 3190 1242 3256 quam
1258 3190 1367 3255 appro-

114 3291 224 3375 priare,
247 3289 278 3354 et
300 3287 362 3354 fere
384 3287 419 3352 in
439 3284 600 3351 liminibus
629 3305 697 3354 esse
718 3285 866 3365 uidemus,
895 3286 1110 3353 mndrmamus
1133 3288 1165 3353 ct
1187 3288 1243 3353 sub
1272 3287 1370 3353 divini

113 3405 221 3472 iudicii
242 3401 444 3470 obtestatione
466 3401 650 3486 precipimus
680 3404 715 3468 ut
737 3402 815 3468 nulli
836 3420 971 3487 unquam
1003 3421 1210 3469 successorum
1232 3422 1369 3470 meorum

113 3521 208 3588 liceat
229 3518 268 3585 ad
291 3521 394 3603 ipsum
423 3516 631 3601 episcopatum
652 3535 707 3600 pro
736 3517 939 3603 descriptione
968 3517 1107 3584 facienda
1131 3519 1195 3584 sive
1225 3518 1370 3584 electione

116 3640 170 3704 aut
193 3634 310 3721 aliquid
333 3634 438 3701 contra
460 3631 708 3699 consuetudinem
731 3633 877 3719 exigendo
901 3653 990 3700 suum
1005 3634 1143 3718 legatum
1161 3634 1370 3701 transmittere

115 3755 170 3819 aut
186 3771 239 3836 per
254 3750 432 3816 ministrum
448 3748 604 3833 prrblicum
620 3747 658 3812 ad
673 3748 895 3832 perquamlibet
910 3767 1070 3833 personam
1085 3748 1186 3833 ipsam
1209 3748 1368 3816 ecclesiam

116 3885 271 3951 occupare,
295 3867 348 3931 aut
369 3864 415 3930 ibi
429 3863 604 3949 episcopum
626 3862 761 3929 indebite
777 3883 958 3944 consecrare,
982 3865 1036 3929 aut
1057 3864 1102 3930 ibi
1117 3863 1233 3949 aliquid
1256 3866 1370 3948 absque

115 3983 305 4051 &vennatis
335 3979 479 4048 ecclesiae
508 3979 660 4064 pontificis
691 3997 838 4045 consensu
866 3979 1013 4058 ordinare,
1043 3980 1114 4063 quia
1144 3978 1370 4046 abhominabile

116 4102 149 4167 et
177 4097 443 4176 nefandissimum,
475 4097 506 4161 et
528 4094 612 4160 omni
640 4093 746 4159 fraude
775 4094 1001 4180 dignissimum,
1034 4096 1124 4179 atque
1153 4093 1369 4178 plenissimum

117 4215 212 4282 semel
243 4231 421 4280 concessum
450 4210 584 4278 revocari
606 4209 710 4276 denuo.
757 4207 978 4276 Confirmamus
1001 4209 1118 4276 interea
1140 4211 1171 4276 ct
1194 4209 1368 4276 corrobora·

117 4350 187 4397 mus
209 4347 317 4396 omnes
340 4327 572 4394 constitutiones
594 4326 627 4392 in
650 4324 755 4391 eadem
778 4326 905 4392 ecclesia
927 4325 1113 4411 apiissimis
1136 4323 1372 4410 imperatoribus

117 4447 223 4527 factas,
247 4447 279 4512 et
293 4445 337 4510 ita
352 4443 541 4511 decernimus
565 4442 603 4508 ab
619 4440 760 4508 omnibus
776 4442 979 4510 observandas
1004 4441 1082 4508 sicut
1104 4442 1262 4525 praecepta
1278 4439 1369 4506 huius
