3152 4902
584 278 828 344 -183-

97 471 299 556 potissimam
346 469 496 553 Quoniam
518 473 622 539 autem
644 474 676 540 et
697 471 735 538 de
749 471 960 538 coniunctione
982 471 1141 538 nobiseum
1163 490 1199 537 ac
1221 470 1332 537 unione

95 589 186 652 contra
212 587 350 654 infideles
371 587 529 672 promittis
558 587 646 654 nobis
675 587 779 655 omnia
801 607 878 672 quae
907 587 1094 654 fortissimus
1117 589 1149 654 et
1177 585 1329 653 maximus

94 703 217 788 princeps
239 703 397 770 Christum
418 705 520 770 Deum
541 721 709 789 agnoscens
733 722 858 771 romano
887 703 1024 788 pontifici
1046 703 1129 770 beati
1151 702 1235 769 Petri
1257 721 1328 768 suro·

94 819 190 885 sessui
210 820 388 904 promittere
410 821 520 904 potest,
543 821 574 887 et
596 820 716 905 quaeris
738 839 758 885 a
780 819 868 886 nobis
883 838 942 904 quo
964 820 1052 904 pacto
1073 819 1136 885 ista
1157 817 1329 884 coniunctio

94 935 147 1000 lieri
166 936 263 1020 possit
285 936 317 1002 et
339 935 456 1015 debeat
479 935 539 1002 iste
561 940 650 1002 veni·
674 934 803 1002 nunnus
826 954 917 1021 quem
939 935 1103 1015 mittimus,
1126 933 1163 1000 de
1185 933 1328 1000 omnibus

92 1052 299 1135 teplenissime
321 1050 461 1130 instruet
484 1052 516 1117 et
531 1051 634 1117 omnia
657 1051 807 1118 desideria
828 1053 933 1116 nostm
948 1050 1006 1116 tibi
1025 1050 1147 1135 aperiet,
1170 1049 1219 1115 oni
1234 1068 1326 1135 roga-

91 1186 148 1232 mus
179 1167 371 1232 nobilitatem
400 1169 487 1233 tuam
517 1168 552 1232 ut
581 1167 701 1232 mntem
730 1165 822 1232 fidem
851 1167 978 1244 habeat,
1007 1167 1187 1250 tantumque
1216 1164 1327 1244 credat,

90 1283 223 1364 qumtum
246 1282 335 1348 nobis
358 1283 435 1368 ipsis
464 1282 599 1350 crederet
628 1282 709 1348 site
730 1284 905 1366 praesentes
934 1282 1170 1366 alloqueremur;
1199 1301 1327 1365 eumque

89 1397 204 1482 benigna
226 1399 258 1464 et
280 1399 419 1482 prompte
442 1398 481 1463 ad
503 1416 559 1464 nos
580 1398 720 1465 remittat
741 1397 794 1464 ubi
809 1399 914 1464 nostra
937 1398 1065 1464 consilia
1087 1397 1146 1462 tibi
1168 1396 1325 1481 significa·

88 1513 162 1592 verit
183 1513 263 1580 sicut
292 1513 387 1580 etiarn
410 1532 465 1580 nos
494 1515 627 1599 benigne
648 1515 680 1580 et
702 1533 772 1580 cum
794 1533 866 1580 eura
888 1515 978 1598 atque
1008 1533 1111 1580 amore
1133 1514 1221 1579 tuum
1243 1531 1324 1578 nun-

87 1629 157 1695 cium
183 1629 241 1696 tibi
270 1629 466 1696 remittimus.
516 1629 554 1695 In
582 1628 632 1694 bis
662 1631 766 1696 autem
792 1628 907 1696 litteris
937 1648 997 1696 non
1027 1629 1194 1695 scribemus
1223 1627 1327 1694 omnia

86 1763 154 1828 quac
172 1747 273 1812 tecum
289 1745 407 1831 menia
430 1747 503 1812 sunt
524 1763 618 1830 quum
633 1745 762 1811 aunum
784 1746 887 1812 noster
910 1763 960 1812 oro
983 1747 1014 1812 et
1037 1745 1137 1810 verbis
1159 1743 1276 1828 largius
1294 1745 1326 1810 et

86 1861 183 1926 melius
204 1861 261 1926 illa
283 1860 464 1937 declarabit;
487 1881 577 1946 quem
600 1861 684 1927 iuxta
698 1862 786 1928 tram
800 1862 956 1947 egregiam
970 1861 1195 1927 humanitatem
1218 1860 1249 1926 et
1272 1879 1324 1924 sa-

85 1975 220 2058 pientiam
241 1976 374 2043 libenter
396 1978 427 2043 et
448 1977 566 2043 attente
588 1977 702 2044 audies.
747 1977 830 2044 Illud
853 1979 954 2044 solum
977 1977 1145 2044 scribemus
1168 1977 1270 2060 petere
1292 1977 1324 2042 et

84 2109 158 2158 orare
171 2111 225 2158 nos
240 2093 279 2158 ab
296 2091 503 2176 omnipotente
525 2093 597 2172 Deo,
620 2095 656 2158 ut
669 2095 723 2160 tua
738 2094 879 2160 voluntas
902 2092 944 2159 sit
966 2093 1011 2158 ita
1025 2111 1098 2178 erga
1112 2109 1168 2159 nos
1183 2094 1325 2176 prompta

84 2207 111 2271 et
131 2207 273 2288 benivola
297 2207 377 2274 sieut
391 2209 496 2290 nesta
518 2228 591 2294 erga
613 2210 644 2275 tc
665 2211 728 2287 est;
750 2211 782 2276 et
803 2209 862 2276 tibi
877 2209 1061 2292 promittere,
1085 2207 1113 2274 si
1135 2208 1169 2274 ut
1184 2207 1323 2291 cupimus

84 2321 130 2387 fiet
148 2323 317 2390 desiderata
339 2323 518 2404 coniunctio,
542 2343 578 2390 ee
600 2326 838 2409 teexpertnmm
860 2344 926 2390 esse
949 2327 1071 2390 nostrae
1093 2325 1124 2390 et
1146 2323 1237 2389 buius
1253 2322 1324 2390 sus

83 2435 160 2504 Solis
181 2439 214 2504 in
236 2441 437 2524 augmentum
459 2439 582 2507 honoris
605 2441 637 2507 et
659 2439 821 2526 dignitatis
843 2442 914 2506 tuae
938 2439 1039 2506 studia
1062 2459 1097 2506 ec
1119 2439 1265 2506 beneficia
1288 2439 1324 2504 ut

82 2553 171 2636 reipsa
185 2555 228 2620 sis
243 2555 421 2640 cogniturus
436 2573 493 2622 nos
509 2555 625 2622 sincero
640 2555 743 2623 animo
758 2556 949 2642 optimatis
972 2555 1206 2640 incomparabili
1220 2573 1323 2620 amore

82 2667 181 2735 tibist
201 2671 366 2755 praeclaris
389 2671 452 2738 tuis
476 2671 640 2738 virtutibus
663 2671 786 2738 affectos
809 2691 876 2738 esse
898 2673 930 2739 et
952 2691 1071 2756 semper
1093 2672 1196 2740 finisse.
1235 2669 1321 2738 Siout

81 2781 115 2848 le
134 2785 186 2852 hoo
207 2787 239 2852 et
260 2786 332 2852 aliis
355 2787 394 2852 ab
417 2786 523 2854 codem
546 2790 630 2854 ren.li
649 2787 758 2854 nuncio
781 2789 885 2854 nostro
907 2789 961 2854 tua
983 2787 1129 2852 nobilitas
1151 2786 1246 2852 latius
1268 2787 1318 2852 in-

81 2899 196 2986 telliget
241 2903 358 2968 Datum
380 2903 497 2969 Romae
518 2902 600 2972 xviii
622 2901 806 2970 Novembris
829 2902 947 2970 mlxxv.
993 2903 1082 2970 Anno
1105 2900 1244 2969 secundo.

660 3165 731 3230 141.

546 3329 632 3401 Regu
655 3327 837 3388 Polonlae.

158 3479 327 3547 Carissimo.
372 3481 461 3548 Anno
483 3482 645 3564 praeterito
675 3501 744 3548 curn
767 3483 898 3550 dilectus
926 3482 1009 3550 filius
1032 3483 1145 3548 Paulus
1175 3479 1317 3548 Centurio

79 3591 145 3658 ciris
171 3593 340 3663 (leunensis
363 3597 550 3662 mercaturae
579 3595 746 3676 cuiusdam,
771 3600 805 3664 ut
833 3599 899 3683 lpse
928 3599 1056 3678 dicebat
1080 3596 1256 3663 tractandae
1285 3597 1317 3663 et

79 3707 248 3778 ordimndae
263 3729 356 3777 causa
371 3709 404 3777 in
419 3710 606 3778 Moscoriam
628 3713 817 3797 profecturus
840 3716 929 3794 essct
953 3714 1071 3799 sibique
1086 3732 1156 3779 oum
1171 3713 1225 3778 illo
1241 3711 1316 3778 duce

80 3821 179 3891 urere
191 3827 399 3912 cognitionem
413 3827 566 3910 quandam
581 3829 613 3894 et
626 3829 870 3894 familiaritatem
885 3829 1077 3910 intercedere,
1092 3829 1182 3913 petiit
1196 3829 1315 3894 litteras

80 3939 194 4007 anobis
215 3941 492 4022 commendatitias,
515 3943 595 4027 quod
617 3962 668 4011 cas
685 3945 744 4010 sibi
767 3961 880 4030 magno
903 3945 972 4012 usui
987 3944 1067 4029 apud
1090 3945 1179 4010 illum
1195 3944 1313 4009 futuras

81 4051 241 4138 affirmaret,
264 4057 385 4142 qnando
408 4059 439 4124 et
454 4077 473 4123 a
488 4058 524 4126 fe.
540 4078 581 4125 re.
596 4059 694 4126 Leone
710 4059 748 4126 X.
771 4059 998 4144 praedecessore
1013 4062 1044 4126 et
1058 4061 1195 4144 patraclo
1210 4059 1314 4125 nostro

80 4165 217 4240 inlusus
238 4173 352 4240 litteris
375 4173 509 4240 obtentis
532 4175 664 4241 multum
687 4176 760 4242 illae
783 4175 844 4242 sibi
858 4175 938 4261 apud
960 4175 1089 4242 eundem
1111 4174 1218 4240 ducem
1241 4193 1311 4258 prc-

79 4279 201 4356 fuissmt
245 4285 311 4370 Quo
333 4287 425 4354 buius
454 4288 588 4356 hominis
617 4290 744 4358 oonsilio
770 4291 934 4370 intellecto,
965 4309 1035 4356 cum
1065 4289 1235 4373 inspirante
1257 4307 1312 4355 nos

79 4395 196 4468 Domino
216 4403 333 4489 aliquid
353 4403 486 4488 amplius
509 4423 601 4490 qnam
623 4423 693 4472 eum
709 4407 920 4474 commentare
941 4406 1201 4490 cogitavissemus
1223 4402 1310 4470 dcli-
