3152 4902
792 251 1036 317 -110-

288 440 432 512 Sanctam
448 442 558 511 Sedem
572 445 771 529 apostolicam
788 445 1015 532 voluntalem.¹)
1054 445 1140 527 Quod
1156 446 1215 512 etsi
1229 445 1381 512 iacturum
1396 449 1426 513 is
1439 445 1519 512 larissa

285 565 340 630 tua
356 565 463 648 sponte
478 562 600 640 scimus,
624 562 775 628 voluimus
789 565 893 629 tamon
915 563 1058 628 adhibere
1073 563 1223 628 modicam
1239 563 1317 628 hanc
1331 563 1520 628 hortationem

285 682 318 745 et
339 679 399 746 tibi
420 680 453 744 in
475 679 655 745 memoriam
678 678 818 744 reducere
846 681 984 744 nostram
1007 679 1034 744 si
1057 678 1090 744 iu
1112 698 1262 763 quoquam
1291 678 1415 744 homine
1436 678 1521 762 posite

287 797 344 874 est
366 796 399 860 in
414 797 445 860 te
461 814 520 860 uno
542 794 676 860 maxime
694 795 786 860 fixam
809 796 840 860 et
861 795 993 860 locatam
1016 813 1083 860 esse
1103 794 1195 859 iidem
1217 813 1252 858 ae
1275 813 1376 859 rerum
1398 793 1521 858 omnium

285 912 362 978 bane
384 911 584 995 gerendarum
615 929 715 993 spem:
745 928 837 992 quam
866 913 901 975 ut
923 911 976 975 tua
998 909 1110 976 virtute
1138 911 1169 974 et
1199 909 1349 994 sapientia
1376 909 1523 973 confirmes

285 1027 475 1092 devotionern
497 1029 584 1091 tuam
606 1044 788 1109 magnopere
811 1025 843 1090 iu
867 1027 997 1090 Donuno
1020 1026 1225 1091 adhortamur.
1266 1026 1370 1110 Deque
1394 1024 1443 1088 his
1464 1043 1521 1088 om·

285 1143 376 1209 nibus
398 1145 430 1208 et
444 1143 583 1226 pluribus
599 1141 669 1206 aliia
692 1141 802 1206 dilecto
824 1141 888 1206 filio
904 1142 1080 1207 Baldasaari
1095 1139 1277 1207 tastilionao
1300 1142 1410 1207 nuncio
1432 1145 1523 1206 nostro

285 1260 346 1339 aut,
370 1259 398 1324 si
413 1259 440 1322 is
456 1258 595 1336 abfuerit
618 1255 665 1322 Jo.
682 1255 784 1322 Corsio
808 1257 922 1322 oratori
936 1257 1109 1322 Florentino
1132 1257 1224 1322 fidem
1239 1259 1376 1340 amplam
1391 1256 1524 1321 adhibeas

285 1393 447 1458 eorumque
470 1377 537 1439 ecta
559 1373 692 1452 adiuves,
722 1372 802 1456 qued
824 1372 916 1438 iacies
947 1373 1034 1438 nobis
1064 1393 1152 1456 super
1181 1373 1284 1438 omnia
1312 1373 1524 1456 gratissimum.

284 1490 399 1557 Datum
422 1490 537 1555 Romae
560 1491 615 1553 etc.
639 1489 687 1554 dia
710 1489 748 1552 ir.
773 1487 877 1552 Martii
902 1489 1018 1554 mdrnv.
1063 1489 1152 1552 huno
1176 1487 1313 1554 secundo.

884 1777 902 1842 7
906 1777 935 1840 9.

807 1941 1010 2002 Archiduci.

371 2099 489 2164 Dilecte
511 2095 558 2161 iili
579 2096 635 2160 etc.
681 2092 766 2174 Quod
795 2095 942 2163 iudicium
971 2095 1008 2160 de
1030 2095 1120 2179 paulo
1149 2096 1220 2160 ante
1249 2095 1377 2180 ancipiti
1399 2097 1431 2162 et
1451 2097 1525 2179 pari·

282 2216 383 2281 crdoso
406 2214 486 2279 bello
508 2210 588 2295 quod
610 2211 644 2275 in
666 2211 757 2276 Italia
787 2211 948 2294 gerebatur
971 2211 1087 2276 factum
1109 2213 1165 2290 est
1194 2209 1255 2277 etsi
1276 2211 1310 2277 in
1331 2231 1367 2277 eo
1396 2211 1524 2276 rnilitum

282 2331 379 2396 uirbis
401 2329 512 2393 ducum
535 2325 701 2410 singularis
723 2325 913 2409 providentia
935 2327 1005 2392 tuae
1027 2325 1198 2392 nobilitatis
1221 2344 1292 2391 curs
1313 2329 1346 2392 et
1367 2325 1527 2392 auotoritas

282 2448 371 2511 serani
390 2441 527 2509 Caesaris
542 2441 673 2507 felicitas
688 2441 822 2506 multum
843 2443 1006 2524 potuerunt
1028 2443 1132 2508 tamen
1145 2442 1204 2508 Dei
1226 2443 1382 2508 voluntate
1405 2445 1438 2508 at
1458 2460 1526 2508 con·

282 2560 350 2625 silio
372 2560 563 2625 transactum
585 2557 680 2622 brisso
703 2576 763 2622 non
786 2556 971 2635 dubitamus,
995 2575 1065 2624 cum
1087 2557 1249 2641 presertim
1270 2558 1433 2624 hominum
1454 2557 1527 2624 ratio

281 2676 375 2740 talem
398 2693 499 2739 rerum
522 2672 636 2738 exitum
660 2691 721 2738 non
743 2672 895 2738 videretur
916 2691 1006 2756 posse
1028 2674 1198 2756 expectata
1220 2675 1256 2738 nt
1277 2674 1362 2741 enim
1383 2693 1528 2760 magnum

280 2789 372 2856 inerit
393 2789 512 2854 vincam
534 2788 566 2853 et
580 2787 687 2872 fugare
709 2805 813 2871 regem
835 2786 1083 2871 potentissimum
1097 2788 1268 2874 pellemque
1289 2807 1326 2854 ax
1347 2789 1441 2856 Italia
1459 2791 1526 2854 ian·

280 2908 346 2972 tem
367 2905 431 2971 rim
460 2901 580 2970 achacii
600 2902 757 2982 exercitus,
786 2921 891 2988 capere
913 2905 993 2970 certe
1015 2905 1047 2969 et
1068 2922 1159 2988 prope
1188 2905 1343 2970 momento
1371 2905 1529 2972 victoriam

279 3020 408 3104 adipisci
429 3018 525 3104 prelio
547 3019 605 3084 hoc
627 3017 806 3084 beneficium
835 3017 974 3084 divinum
996 3037 1057 3085 non
1086 3020 1255 3086 humanum
1277 3019 1395 3086 iachim
1417 3023 1475 3099 est
1497 3039 1529 3084 ex

279 3155 338 3220 quo
352 3153 514 3219 possumus
530 3133 692 3199 manifesto
714 3151 893 3218 cognoscere
908 3135 1042 3201 inienms
1057 3135 1121 3200 Deo
1143 3135 1346 3219 omnipotenti
1367 3155 1436 3202 ease
1454 3155 1529 3222 quo-

279 3271 347 3316 rum
363 3269 450 3318 mens
472 3249 563 3315 bellis
577 3250 610 3314 in
633 3249 816 3315 christianos
838 3249 1031 3318 conserendis
1045 3250 1140 3316 nimis
1162 3249 1219 3316 ilie
1241 3251 1361 3316 intanta
1382 3253 1440 3318 est
1472 3251 1530 3317 Sed

278 3384 342 3445 nos,
365 3366 424 3431 etsi
446 3364 507 3430 alia
529 3365 614 3448 prius
637 3365 686 3429 via
709 3364 908 3430 tendebamus
931 3365 970 3430 ad
991 3384 1106 3448 pacem,
1128 3366 1289 3450 potiusque
1311 3368 1532 3451 compositione

278 3483 309 3547 et
324 3479 481 3548 eoncordia
496 3481 579 3546 liniri
601 3481 716 3546 bellum
738 3497 831 3562 quarn
846 3480 972 3545 victoria
994 3481 1198 3565 cupiebamus,
1221 3481 1307 3548 cuins
1321 3484 1445 3548 nostrae
1464 3485 1532 3568 pise

278 3597 310 3661 et
331 3595 465 3662 sincerae
494 3595 660 3664 volumem
689 3613 725 3660 ea
747 3613 823 3678 quae
853 3598 921 3660 acta
943 3615 996 3678 par
1019 3615 1073 3661 nos
1104 3599 1176 3662 sunt
1205 3616 1391 3681 quamquam
1420 3599 1533 3664 multis

371 3881 389 3940 'i
407 3883 434 3932 ln
452 3883 560 3940 abusu
580 3883 670 3930 minuta
688 3883 745 3932 haec
763 3883 920 3940 sequebantur
938 3896 997 3941 quae
1014 3884 1097 3932 deinde
1115 3885 1202 3932 omissa
1220 3887 1289 3933 aunt:
1309 3884 1394 3941 ,Certe
1411 3887 1479 3935 anim
1494 3888 1536 3934 hoe

277 3983 376 4030 maxime
394 3986 552 4047 opportunam
571 3983 663 4041 tempus
681 3983 719 4034 ast
736 3981 818 4038 madi
838 3983 864 4029 et
881 3982 1018 4041 procurandi
1044 3984 1072 4029 ut
1089 3981 1220 4030 huiusmodi
1247 3984 1291 4031 sita
1309 3984 1495 4034 administretur
1513 3991 1538 4033 et

277 4080 421 4142 'oberastun
434 4079 539 4136 uictoria
558 4091 619 4136 quae
636 4079 737 4127 ennium
751 4082 841 4128 mentm
859 4081 1011 4128 musiliature
1023 4077 1116 4128 cassari
1134 4083 1172 4129 ost
1183 4082 1213 4129 ed
1231 4081 1386 4130 stabilitatem
1400 4083 1469 4130 iliius
1488 4099 1537 4132 aar·

276 4177 386 4238 plltndinl
417 4177 591 4238 sempiternam.
629 4177 676 4226 llos
693 4180 719 4224 et
732 4159 778 4236 pro
801 4180 878 4226 vetere
897 4181 978 4226 nostra
1002 4191 1058 4234 erga
1083 4180 1157 4238 ipsius
1182 4181 1333 4228 serenitatem
1358 4181 1537 4238 beniuolan

275 4277 302 4324 at
319 4288 361 4335 pro
379 4275 455 4324 adsto
472 4273 589 4322 communi
606 4273 689 4322 Italiae
707 4275 827 4332 totiusque
845 4275 1030 4324 christianitatis
1049 4277 1083 4324 ila
1101 4275 1135 4324 illi
1155 4277 1265 4325 &hesdri
1282 4280 1345 4326 omni
1364 4279 1501 4329 fidissime
1513 4289 1537 4329 at

275 4375 402 4434 perpetuae
420 4372 541 4419 mulctatis
560 4371 653 4418 vinculo
671 4377 776 4420 sumus‘.
