3128 4908
555 305 800 375 -189-

120 499 307 585 lipisoopo
330 497 540 568 (insulensi
561 500 704 568 nuncio
727 498 827 585 apud
849 497 982 566 dno'em
1004 498 1232 583 Mediolani

139 615 209 682 llius
232 615 427 701 diligentiam
450 616 544 682 simul
566 617 597 683 et
620 615 833 682 dexteritatem
858 614 994 700 pontifex
1016 615 1152 701 requirit
1173 617 1209 694 ut
1230 634 1299 682 eer-

63 731 201 798 mnibus
216 729 359 800 Comensi
381 733 412 800 ot
427 733 464 798 de
482 732 651 812 Triunltiie
673 731 829 811 renense,
852 751 929 817 quoe
950 731 984 798 in
998 731 1166 798 Mediolani
1188 731 1301 808 tueetu

61 847 231 930 sumebant,
246 868 266 913 a
279 847 454 916 marchione
468 849 621 916 Pisearine
636 847 758 916 restitui
772 849 864 914 ouret
886 867 951 914 m.
972 846 1157 915 Nouembris
1178 847 1298 931 mlxxv.

62 961 139 1030 inno
160 963 296 1032 seeundo.

441 1195 667 1264 Merohioni
689 1195 903 1263 Piseeriae.

137 1311 184 1376 De
205 1310 311 1378 eadem
334 1331 376 1392 re,
398 1311 503 1378 eodem
526 1311 576 1380 die
598 1313 737 1379 stanno.

638 1573 712 1639 145.

479 1739 633 1800 Ascanio
656 1737 865 1800 Columnae.

136 1891 252 1957 Dilecto
275 1890 329 1956 fili
374 1889 530 1957 Mittimus
552 1890 592 1958 ad
614 1891 807 1958 nobilitatem
831 1895 917 1958 tuem
946 1891 1092 1958 dileotum
1114 1891 1214 1958 filium
1236 1893 1298 1960 In-

61 2025 151 2073 numm
172 2007 208 2074 de
230 2005 395 2072 Malvieino
418 2007 603 2074 familiarem
633 2010 771 2074 nostrum
794 2027 885 2093 quem
914 2007 1115 2075 iudicavimus
1138 2010 1245 2093 aptum
1268 2011 1299 2077 et

62 2121 187 2189 idoneum
210 2123 249 2188 ad
271 2123 305 2189 id
326 2123 444 2207 negocii
466 2126 588 2208 prepter
620 2123 699 2208 quod
728 2143 799 2190 eum
820 2123 987 2210 ‚elegimus
1034 2123 1113 2191 Huic
1140 2125 1299 2191 commisi·

61 2256 118 2303 mus
144 2239 244 2324 aliqua
273 2239 387 2305 nostris
416 2239 517 2306 verbis
547 2239 639 2306 erite
669 2237 861 2324 perferenda,
890 2259 967 2324 quae
996 2239 1131 2326 grunitu
1160 2239 1298 2306 animum

61 2356 183 2421 nostrum
206 2356 337 2434 movent
366 2373 437 2420 eum
458 2355 549 2421 illum
580 2355 769 2440 singularem
798 2374 933 2422 amorem
962 2373 1021 2439 quo
1045 2375 1150 2420 sumus
1180 2375 1299 2440 semper

61 2469 161 2534 netem
175 2472 262 2536 tuam
275 2469 437 2555 prosecuti
453 2471 600 2555 illamque
609 2471 748 2537 uicissim
763 2471 988 2537 observantiam
1003 2471 1299 2556 benivolentiamque

62 2602 110 2666 qua
135 2587 167 2651 tu
194 2605 249 2653 noe
271 2606 305 2653 es
335 2587 524 2670 eomplenus,
553 2585 747 2652 vehementer
777 2605 949 2666 vereamur,
979 2605 1017 2652 ne
1045 2584 1229 2670 quibusdam
1258 2586 1297 2652 de

62 2701 147 2765 oensis
169 2701 209 2767 sit
223 2701 416 2782 labefactata
439 2721 498 2787 que
514 2703 594 2769 oerte
616 2701 662 2768 nil
677 2701 837 2768 molestius
860 2702 994 2786 accipere
1009 2721 1177 2786 possemus.
1211 2699 1298 2784 Quod

63 2814 86 2878 si
103 2819 134 2880 tu
153 2819 183 2883 et
203 2817 277 2884 fidei
297 2819 368 2883 tuae
390 2835 515 2897 memor,
539 2819 570 2884 et
592 2817 679 2883 nobis
702 2837 735 2883 es
765 2815 1021 2902 quemadmodum
1051 2836 1170 2901 semper
1192 2819 1296 2884 osten-

63 2927 125 2995 disti
144 2933 308 3012 beuirolus
338 2933 429 3000 iaoile
456 2933 570 3018 poteris
592 2934 694 3000 levare
716 2933 795 2999 hane
818 2932 1057 3000 sollicitudinem
1079 2933 1218 2998 nostram
1240 2930 1297 2998 au-

63 3044 147 3112 iitila
161 3050 213 3114 tun
227 3048 380 3132 aequitate
403 3050 435 3116 et
448 3048 617 3133 pmdentia.
650 3046 738 3129 Quod
752 3049 788 3114 ut
801 3048 900 3114 faeere
921 3047 999 3114 velis
1014 3067 1129 3132 nosque
1144 3047 1177 3113 in
1192 3046 1297 3114 eodem

64 3177 149 3228 amore
170 3166 204 3230 et
221 3163 432 3231 coniunctione
461 3164 519 3230 tibi
542 3163 688 3249 propitios
718 3165 830 3230 habere
858 3182 1042 3248 magnopere
1065 3164 1183 3230 nol).ton
1212 3165 1297 3230 tuam

64 3275 230 3347 inDomino
253 3280 466 3358 adhortemur3
495 3278 585 3365 idque
608 3279 667 3346 erit
688 3298 748 3347 non
763 3259 871 3346 'solum
893 3279 982 3345 nobie
1006 3277 1229 3346 amantissimis
1251 3279 1299 3344 tui

65 3391 90 3454 et
108 3413 200 3460 rorum
221 3397 346 3462 tuarum
359 3395 497 3462 omnium
520 3414 640 3462 summe
662 3398 795 3480 gratum,
819 3394 871 3461 sed
887 3393 1005 3462 nomini
1027 3395 1122 3462 etiam
1144 3395 1176 3461 et
1198 3396 1298 3461 famae

65 3507 122 3573 tuae
147 3509 297 3595 imprimis
326 3511 534 3578 honorificum.
579 3510 680 3595 Atque
703 3510 778 3576 heeo
806 3511 962 3576 haetenus.
993 3510 1039 3576 Tu
1063 3508 1162 3576 eidem
1184 3510 1297 3576 Lenmo

67 3639 200 3692 summam
221 3647 321 3693 rerum
344 3627 482 3694 omnium
505 3626 598 3692 fidem
620 3626 755 3693 hebebis.
801 3627 918 3692 Datum
941 3627 1056 3692 Romae
1079 3624 1129 3691 die
1150 3644 1213 3692 nnn.
1230 3624 1296 3692 No-

67 3741 182 3808 uembris
203 3743 319 3810 mdxnv.
364 3744 454 3810 Anno
476 3743 575 3810 tertio.

638 4002 710 4071 146.

574 4167 768 4230 Caesari

142 4316 305 4390 certesime.
351 4321 481 4407 Seripsit
510 4323 549 4388 ed
578 4341 634 4389 nos
665 4321 869 4406 superioribus
898 4321 1005 4388 diebus
1035 4325 1131 4388 serto
1160 4325 1213 4389 tue
1242 4322 1295 4389 dil.

71 4428 153 4499 ilium
171 4435 315 4506 loannem
330 4439 515 4505 Bannisium
537 4438 624 4517 nobis
647 4437 872 4516 sommendana
895 4437 1051 4505 hominem
1066 4439 1146 4506 eerte
1168 4439 1200 4504 et
1221 4457 1293 4523 pro·
