3128 4908
560 305 708 372 -277
755 337 799 352 -

67 503 118 570 ino
139 525 197 590 quo
220 507 252 574 et
273 503 371 572 maior
392 503 474 572 esset
496 503 633 582 facultas,
657 519 691 568 eo
718 500 827 569 maiori
848 500 954 568 ardore
975 518 1036 568 non
1058 499 1229 567 debiturum
1252 517 1303 566 co·

67 623 199 690 munibus
222 623 328 698 retusa
357 622 494 686 attamen
517 621 679 704 postquam
708 618 740 684 id
763 617 933 702 expressius
963 616 1160 701 cognovimus
1182 614 1305 694 litteris,

66 759 130 822 qms
151 739 374 823 aricegarente
397 739 500 803 nostro
516 735 718 819 Neapolitano
733 734 913 818 accepimus,
936 733 1046 819 quihus
1065 731 1184 799 abundo
1206 731 1306 798 edocti

65 875 167 934 sunus,
191 856 305 940 quanto
319 855 402 920 illico
418 855 449 920 ot
463 853 638 936 promiserit
660 853 691 918 et
713 851 818 919 secent
834 849 982 917 sanctatis
999 851 1106 928 vesta,
1129 851 1164 914 ut
1179 847 1304 915 tandem

64 971 124 1036 illae
151 971 289 1038 hostiurn
317 969 462 1055 reliquiae
493 969 532 1034 ab
562 967 673 1036 iniuria
703 967 813 1034 Italiae
842 966 1045 1050 repellantur,
1074 967 1220 1050 tuumque
1248 964 1303 1030 de·

63 1107 137 1156 num
163 1088 289 1156 illorum
320 1086 446 1154 audacia
469 1085 702 1171 comprimatur;
734 1084 831 1150 iacere
860 1101 920 1150 non
944 1082 1100 1165 potuimus
1124 1082 1199 1166 quin
1223 1080 1303 1164 apud

63 1205 149 1287 ipsam
170 1207 305 1272 vestram
329 1203 524 1269 sanctitatem
546 1199 695 1268 testatum
717 1199 955 1285 relinqueremus
973 1198 1125 1283 accepisse
1139 1215 1195 1264 noe
1218 1217 1252 1264 en
1268 1216 1302 1264 eo

62 1319 238 1406 singularem
261 1323 292 1386 et
315 1339 469 1386 summam
492 1319 694 1403 voluptatem
717 1317 804 1401 eique
818 1315 976 1399 plurimas,
999 1317 1090 1398 atque
1111 1313 1301 1380 immortales

61 1437 166 1520 gutiae
189 1456 365 1522 agarenum
387 1455 573 1521 agemusque
595 1434 728 1519 profecto
751 1431 849 1517 quoad
871 1432 1018 1497 vivamus.
1065 1428 1148 1497 Nam
1170 1430 1202 1496 et
1222 1427 1303 1496 illud

61 1553 138 1618 nobis
159 1554 288 1620 minime
309 1553 451 1637 ignotum
469 1553 525 1630 est
549 1551 642 1616 nullis
665 1549 888 1618 conditionibus
911 1547 1043 1614 defuisse
1057 1547 1170 1627 hostes,
1193 1547 1228 1612 ut
1250 1547 1300 1612 in·

60 1669 158 1736 stitute
186 1670 295 1736 itinere
318 1670 452 1735 uestram
482 1667 678 1734 sanctitatem
707 1665 911 1743 deturbarent,
942 1663 993 1729 sed
1023 1663 1178 1747 praestitit
1200 1665 1302 1728 saeba
1350 1637 1355 1646 ⁶

61 1786 196 1852 saeuas
226 1787 259 1852 in
289 1785 430 1851 omnibus
460 1801 536 1868 quas
568 1783 654 1848 illam
685 1781 846 1856 decebant3
876 1780 961 1846 euius
984 1779 1179 1864 potissimum
1202 1796 1300 1863 opera,

59 1899 210 1986 divineque
232 1900 360 1967 consilio
383 1903 470 1983 parta
493 1900 574 1964 esset
589 1899 697 1964 ltaliae
720 1897 856 1975 libertas,
879 1915 914 1962 ac
937 1895 1125 1980 propositum
1148 1894 1232 1961 velut
1247 1911 1299 1960 sa·

59 2015 147 2082 lutare
169 2017 294 2102 signum
317 2018 352 2081 ut
374 2015 526 2100 quondam
550 2013 664 2097 optime
687 2012 746 2079 toti
760 2012 926 2079 christiano
955 2011 1073 2078 nomini
1096 2010 1129 2076 in
1144 2011 1300 2094 postennn

58 2130 90 2196 de
105 2152 136 2198 se
152 2151 270 2216 sperare
285 2132 397 2198 liceret.
421 2131 469 2196 lta
492 2131 587 2196 etiam
609 2149 729 2196 summu
750 2128 1063 2196 studiosanctitetem
1085 2127 1220 2194 vestram
1242 2126 1298 2191 ob·

59 2265 211 2326 sacramus,
234 2249 269 2314 ut
292 2247 411 2332 quando
428 2246 511 2313 videt
533 2245 590 2312 hoc
612 2247 768 2330 tantopere
790 2244 929 2328 expedire
947 2243 1068 2310 comuni
1091 2242 1185 2308 saluti
1209 2241 1300 2325 atque

58 2360 163 2440 decori,
191 2363 269 2429 nihil
293 2363 330 2428 de
353 2382 407 2429 suo
430 2363 548 2441 animo,
578 2361 615 2427 de
639 2379 693 2427 suo
716 2362 775 2427 isto
799 2361 902 2446 vigore
925 2359 1077 2437 remittat,
1107 2357 1206 2443 quoad
1234 2357 1299 2422 tarn

59 2479 163 2554 aneto,
191 2480 257 2544 tam
284 2479 334 2562 piu
364 2479 446 2562 operi
476 2479 610 2544 extrema
639 2495 749 2542 manus
779 2477 961 2560 imponatur.
1006 2473 1155 2560 Equidem
1184 2475 1216 2539 et
1244 2491 1300 2538 noe

58 2611 167 2676 semper
189 2594 371 2674 adnitemur,
401 2595 436 2659 ut
458 2593 614 2676 intelligat
636 2593 738 2658 vestra
762 2591 909 2658 sanctitas
931 2591 1010 2658 nihil
1039 2609 1133 2675 aequa
1155 2589 1244 2656 nohis
1266 2587 1299 2654 in

57 2708 134 2772 omni
156 2707 217 2774 vita
239 2709 429 2793 propositum
452 2728 547 2792 quam
570 2709 605 2774 ut
620 2707 755 2792 quotidie
778 2707 879 2792 magis
902 2706 939 2773 de
963 2706 1127 2773 sanctitate
1149 2707 1251 2772 vestra
1268 2705 1300 2770 et

57 2821 89 2886 de
110 2823 167 2890 ista
182 2823 295 2891 Sancta
310 2824 478 2908 apostolica
501 2823 577 2890 Sede
600 2843 634 2888 ac
656 2823 724 2907 ipsa
746 2823 915 2888 christiana
937 2823 1090 2906 republica
1113 2839 1189 2907 quae
1211 2819 1299 2888 nobis

57 2936 117 3020 ipsa
138 2942 183 3006 est
204 2941 270 3006 vita
292 2940 397 3017 carior,
430 2957 607 3005 mereamur.
653 2936 762 3023 Sitque
785 2941 865 3004 ocris
895 2938 974 3004 nihil
996 2938 1101 3016 deerit
1130 2937 1220 3002 utin
1242 2935 1299 3002 hoe

57 3055 143 3120 etiam
164 3055 299 3122 inferiori
323 3057 497 3120 sacrosanta
512 3055 570 3120 Dei
593 3055 720 3121 ecclesia
743 3056 829 3138 pater
851 3057 882 3119 et
904 3053 996 3134 filius,
1019 3071 1158 3120 summus
1180 3053 1237 3118 hoc
1251 3054 1299 3118 eet

58 3171 187 3251 pontifex,
210 3174 242 3238 et
256 3171 430 3255 imperator,
453 3190 547 3236 unum
572 3171 644 3249 sint,
668 3172 831 3255 tanbmue
853 3169 983 3236 unitatis
1005 3169 1110 3234 tantm
1124 3166 1298 3235 concordiae

58 3285 184 3352 beneficii
205 3289 354 3371 tanquam
368 3285 559 3352 faustissime
575 3286 775 3352 luminarium
799 3287 923 3370 aspectu
938 3283 1097 3351 universus
1112 3282 1297 3350 christanus

58 3401 132 3465 orbis
151 3421 262 3468 norum
285 3400 448 3486 quemdam
471 3401 565 3466 etiam
590 3400 760 3485 splendoris
777 3402 867 3485 atque
890 3401 1001 3466 salutis
1017 3400 1133 3466 statum
1152 3397 1299 3483 agnoscat

59 3535 143 3600 neque
156 3517 314 3584 meliorem
336 3515 453 3600 aliquot
467 3516 579 3582 abhinc
603 3517 726 3584 saecula
741 3517 886 3582 mortales
902 3516 1014 3600 asperti
1036 3513 1157 3581 tuerint.
1195 3511 1296 3578 Debe-

58 3631 155 3698 bamus
177 3652 238 3699 nun
261 3651 354 3716 parva
369 3633 487 3698 vestrae
511 3631 670 3698 sanctitati
691 3633 730 3698 ob
747 3631 901 3716 superiora
924 3649 980 3696 sua
1002 3633 1067 3696 tam
1089 3647 1203 3714 magna
1225 3645 1298 3712 erga

59 3765 109 3810 uos
122 3747 215 3814 officia
230 3750 321 3832 atque
337 3745 453 3822 studim
476 3767 555 3812 nunc
571 3765 641 3813 vero
656 3767 711 3830 pro
727 3749 814 3815 tanta
836 3747 949 3831 pietate
972 3748 1063 3831 atqum
1078 3764 1180 3812 amore
1198 3742 1297 3810 eidam

60 3879 110 3924 uos
127 3863 290 3946 plurimum
305 3861 413 3928 dehere
435 3863 575 3928 futemm.
622 3863 723 3927 Tanta
746 3881 815 3928 veru
831 3881 904 3947 erga
919 3881 974 3928 nce
989 3863 1044 3928 illa
1065 3861 1180 3945 pietate
1194 3858 1296 3925 chari·

59 3977 123 4054 tate,
143 3977 333 4045 observantia
349 3996 455 4044 sumus
470 3977 596 4057 mensi,
620 3980 655 4043 ut
671 3957 757 4043 illius
780 3976 935 4062 augendae
950 3977 1069 4043 nullum
1085 3976 1174 4061 plane
1196 3975 1296 4040 locum

59 4108 119 4156 esse
137 4094 323 4160 extimemus.
369 4091 427 4160 Sed
450 4093 580 4178 quiade
602 4095 691 4160 rebus
716 4093 858 4160 omnihus
880 4093 1018 4178 pluribus
1041 4111 1111 4158 cum
1134 4089 1297 4156 sanctitate

61 4209 149 4272 uestra
169 4213 239 4294 aget
263 4210 306 4275 ill
332 4209 391 4274 dur
417 4207 545 4276 Suessae
568 4211 668 4275 oratm
693 4209 802 4288 noster,
825 4209 875 4276 hie
899 4208 992 4274 linem
1014 4206 1152 4287 iacimus,
1174 4205 1296 4270 tantum

59 4319 320 4392 clementissimum
335 4325 427 4408 atque
440 4325 591 4409 optimum
606 4324 706 4390 Deum
724 4325 789 4390 tota
811 4326 913 4392 ments
927 4340 1094 4407 precamur,
1112 4320 1296 4388 incolumem

60 4435 139 4502 nobis
165 4439 201 4507 ad
228 4439 379 4526 plurimos
409 4457 505 4506 annos
537 4439 732 4506 sanctitatem
765 4440 899 4505 veebum
922 4440 953 4504 et
974 4457 1029 4504 nos
1052 4436 1101 4502 illi
1132 4437 1295 4502 conservet.
