3132 4910
547 331 786 400 -315-

60 549 113 594 nm
133 529 273 595 unionem
296 528 424 594 duorum
453 547 635 612 magnorum
663 526 862 592 luminarium
892 545 1053 610 veramque
1084 545 1188 610 pacem
1211 525 1291 592 iuter

60 645 223 710 1111111111
253 643 405 727 principes
436 643 628 709 statuendam
666 643 815 725 pertinere
846 643 1018 706 noscuntur.
1070 643 1116 708 De
1145 643 1207 707 hiis
1240 661 1292 726 pro

60 760 153 842 quibus
175 781 196 824 1.
221 759 465 842 archiepiscopus
481 755 641 842 Capuanua
664 755 738 822 dum
760 756 811 821 hio
833 757 914 822 esset
937 775 963 821 1.
981 776 1003 822 s.
1028 757 1150 824 nomine
1174 757 1240 842 (pro
1261 777 1293 821 re

60 895 99 938 me
113 873 265 960 tangente)
283 873 421 940 Caesaris
443 875 579 939 mentem
604 875 756 938 scrutatus
772 874 827 950 est,
850 890 906 956 ego
921 890 975 955 pro
998 873 1087 937 tanta
1101 873 1293 938 humanitate

59 1009 121 1072 quas
142 991 257 1074 gratim
280 990 420 1056 refferam
442 1007 502 1055 non
531 989 627 1054 habeo
650 989 711 1054 nisi
734 1009 783 1054 me
807 989 906 1053 totum
929 987 981 1072 qui
1010 989 1073 1054 iam
1096 990 1196 1054 vestra
1219 1007 1291 1054 san-

58 1105 146 1170 ctitati
166 1105 306 1170 addictus
322 1125 390 1171 sum
417 1105 514 1170 eidem
529 1104 641 1170 iterum
665 1104 781 1170 dedam.
814 1101 872 1182 Qui
887 1105 1036 1187 quantum
1052 1105 1090 1170 ad
1106 1104 1293 1188 respublicas

58 1221 155 1286 attinet
176 1221 321 1287 facillime
345 1241 371 1285 1.
388 1239 411 1286 s.
436 1219 584 1286 desiderio
608 1219 822 1284 satisfacturus
846 1221 912 1284 tum
935 1237 970 1284 eo
993 1219 1073 1302 quod
1095 1217 1206 1286 Caesar
1227 1220 1293 1302 ipse

60 1338 152 1418 suapte
178 1339 287 1402 natura
310 1335 348 1401 ad
372 1335 403 1400 id
433 1335 475 1400 sit
503 1335 655 1419 proclivus
678 1335 870 1418 vestramque
900 1335 1095 1400 sanctitatem
1124 1354 1185 1401 non
1208 1354 1293 1400 secus

58 1470 138 1532 quum
158 1453 244 1534 pater
266 1450 355 1530 colat
378 1451 517 1516 observet
539 1469 574 1516 ac
590 1451 747 1516 veneretur
769 1469 824 1516 nec
845 1450 963 1533 passim
986 1450 1218 1533 obloquentibus
1241 1451 1294 1516 aut

59 1565 168 1632 11111111
197 1566 469 1650 interpretantibus
499 1585 587 1632 auras
609 1567 742 1648 probeat
772 1585 826 1631 nec
856 1584 990 1648 unquam
1013 1565 1049 1631 de
1067 1566 1196 1649 ¹optima
1219 1587 1245 1631 v.
1270 1587 1293 1632 s.

58 1679 211 1747 intentione
234 1701 345 1765 anceps
373 1681 472 1758 bresit,
502 1701 607 1764 pacem
638 1683 740 1746 autem
764 1681 843 1746 inter
872 1681 1054 1747 christianos
1086 1681 1236 1765 principes
1259 1684 1294 1748 ut

57 1814 133 1860 arma
154 1798 184 1862 11
206 1799 311 1863 hostes
334 1797 405 1862 11111
434 1796 606 1880 dirigantur
635 1797 814 1880 heresesque
843 1796 986 1880 extirpari
1012 1799 1137 1878 possent
1158 1797 1232 1864 adoo
1255 1799 1294 1862 ab

58 1911 166 1977 ineunte
188 1915 269 1979 11111
284 1913 456 1995 concupivit
477 1912 705 1996 aflagitavitque
727 1930 763 1978 ac
777 1911 815 1976 ad
830 1929 898 1976 eam
914 1913 1000 1978 tanto
1024 1912 1124 1978 studio
1140 1912 1294 1988 anhelavit

58 2027 215 2112 tollamque
238 2048 292 2112 pro
307 2047 343 2092 ea
357 2046 460 2110 preces
482 2026 589 2093 effudit
604 2029 639 2092 ut
660 2027 759 2092 iustus
775 2027 828 2092 illo
849 2026 946 2105 iudex,
972 2027 1052 2092 Deus
1068 2027 1202 2110 optimus
1224 2047 1292 2094 ma·

57 2141 146 2207 rimus
167 2144 220 2227 qui
248 2143 407 2210 homiuum
436 2142 526 2208 corda
550 2142 904 2220 111111111111111111,
934 2143 1048 2208 rectam
1078 2142 1175 2225 ipsius
1198 2145 1296 2209 nostri

58 2257 183 2324 11111111
206 2261 341 2324 mentem
357 2257 530 2324 discernens
552 2257 726 2342 iustamque
748 2256 833 2322 illius
850 2275 972 2324 causam
996 2275 1189 2341 cognosceus,
1212 2257 1295 2324 riam

57 2391 138 2453 quam
160 2373 299 2439 homines
322 2373 393 2439 dare
416 2392 476 2438 non
498 2373 638 2456 poterant
658 2372 701 2436 ed
724 2391 828 2455 pacem
851 2372 1061 2438 facilitandam
1086 2373 1171 2457 (dum
1195 2374 1296 2458 magis

57 2485 89 2550 11
109 2506 143 2552 ea
165 2489 386 2573 desperaretur)
417 2488 590 2572 prestitisse
613 2487 802 2571 dignoscitur
824 2488 926 2570 ipsum
949 2488 1032 2571 pacis
1055 2489 1242 2554 turbatorem
1263 2490 1297 2555 in

57 2603 164 2682 pacifici
191 2606 376 2688 potestatem
406 2605 583 2688 redigendo,
613 2604 756 2688 illiusque
787 2604 1011 2670 validissimum
1041 2605 1204 2670 exercitum
1233 2604 1295 2670 imo

55 2715 160 2800 impetu
176 2721 259 2785 velut
274 2719 406 2804 fulguris
421 2719 484 2785 ictu
499 2719 712 2798 consumendo,
736 2738 794 2804 quo
810 2739 934 2786 munere
949 2718 1090 2786 dominus
1106 2719 1171 2802 ipse
1187 2718 1297 2786 Caesar

55 2849 107 2896 non
129 2834 249 2918 quidem
280 2836 380 2902 elatus
411 2835 464 2902 sed
493 2834 594 2918 magis
617 2833 798 2900 humiliatus
831 2854 892 2900 non
914 2834 1073 2900 victoriam
1104 2836 1295 2919 sequendam,

55 2965 107 3012 non
130 2950 254 3016 ulterius
277 2950 311 3016 iu
329 2949 531 3016 christianum
555 2949 736 3033 sanguinem
759 2950 1014 3028 debaechandum,
1038 2968 1098 3016 non
1120 2950 1154 3016 in
1176 2951 1295 3016 hostem

55 3061 118 3129 licet
141 3065 212 3131 belli
227 3067 383 3132 auctorem
401 3065 534 3148 amplius
550 3065 745 3132 saeviendum
768 3065 894 3144 censuit
919 3065 972 3131 sed
989 3065 1090 3149 potius
1114 3085 1199 3132 arma
1222 3085 1295 3132 con-

54 3179 178 3259 tinenda,
201 3184 359 3264 iustasque
374 3181 458 3264 pacis
481 3181 670 3248 condiciones
686 3181 895 3264 proponendas
918 3180 1059 3258 11111111
1083 3181 1192 3264 quibus
1212 3181 1295 3246 chri·

55 3295 147 3362 111111
168 3296 359 3382 respubblioa
382 3298 559 3379 perpetuam
582 3296 716 3380 quietam
739 3297 840 3362 valeat
862 3296 1005 3362 obtinere.
1049 3292 1204 3375 Quantum
1226 3315 1296 3364 uero

53 3409 261 3478 1111111111
284 3411 420 3495 privatas
449 3410 569 3490 attinet,
601 3410 627 3475 11
651 3431 677 3476 u.
701 3431 723 3476 s.
748 3430 926 3495 aesareaque
955 3411 1102 3477 maiestas
1125 3430 1175 3478 me
1203 3411 1298 3478 alicui

53 3527 164 3593 muneri
192 3525 414 3611 accingendum
436 3528 545 3611 putent
566 3543 625 3608 quo
654 3525 819 3593 christiane
841 3526 886 3592 rei
909 3525 1011 3592 videar
1033 3544 1122 3610 posse
1153 3526 1297 3610 prodesse

53 3657 107 3706 uon
124 3643 265 3708 recusabo
288 3642 424 3708 laborem
440 3641 535 3707 etiam
559 3641 587 3705 11
609 3642 712 3706 contra
735 3641 895 3726 antiquum
919 3661 1022 3708 meum
1045 3642 1223 3709 institutum
1246 3663 1294 3710 rea

51 3753 227 3822 decernatur.
274 3755 309 3822 Si
338 3756 406 3839 quis
434 3758 537 3822 autem
566 3754 636 3822 inde
666 3757 781 3821 1111111
811 3757 970 3822 emerserit
1000 3758 1142 3842 quicquid
1166 3779 1189 3824 s.
1213 3778 1239 3826 1.
1263 3760 1296 3826 in

51 3867 192 3937 humilem
222 3891 310 3937 suam
334 3872 412 3937 hane
442 3873 611 3938 creaturam
634 3871 797 3936 contulerit
821 3891 910 3937 suum
940 3872 1006 3950 erit
1030 3872 1149 3956 sibique
1171 3873 1297 3956 metipsi

50 3987 208 4053 contulisse
230 3987 344 4052 sentiet
365 3989 454 4069 prout
477 3987 542 4070 ipse
565 3987 677 4052 nobilis
701 3985 826 4052 Carolus
850 3986 984 4053 (1111111
1014 3989 1123 4054 harum
1146 3987 1296 4054 exhibitor

50 4102 135 4168 verbo
157 4103 265 4170 1111111
288 4121 379 4185 quem
401 4101 507 4167 eadem
531 4121 553 4167 s.
579 4121 604 4167 1.
631 4102 723 4167 solita
746 4102 936 4186 benignitate
960 4101 1111 4186 suscipere
1134 4102 1296 4186 audireque

50 4215 220 4300 dignabitur
243 4219 299 4284 eta

133 4333 274 4400 Maioreti
296 4332 351 4398 iiii.
376 4333 435 4400 hal
459 4332 576 4416 Aprilis
600 4333 717 4399 mdrrv.
