3152 4902
773 340 995 406 -8p..

346 535 484 621 Reliquis
512 534 628 601 duobus
651 535 830 602 centonibus
859 535 1042 601 Lutberanie
1069 535 1234 620 incipiatur
1257 537 1336 604 (lem
1357 543 1394 603 ob
1413 541 1480 603 inito
1567 543 1568 586 ³

256 654 287 718 et
309 652 425 736 reliqua
447 651 553 719 eadem
576 653 688 736 postca.

820 765 943 852 (Foris).

540 884 629 949 Anno
653 882 782 948 secundo
806 883 924 949 mdxxv.
969 883 1126 949 Februarii
1148 883 1222 950 xiiii.

280 999 391 1064 'tribus
414 999 503 1082 pagis
527 1019 579 1064 seu
602 999 782 1064 centonibus
806 997 1015 1065 Helvetiorum
1039 998 1221 1064 Lntheranis
1244 1020 1299 1083 pro
1317 1000 1458 1065 Verulano.
1567 1033 1568 1040 κ

853 1257 905 1324 55.

721 1424 900 1498 Episcopo
924 1461 933 1483 .
956 1463 965 1483 .
989 1463 1032 1482 ..

340 1578 531 1646 Venerabilis
547 1578 648 1644 freter.
682 1575 759 1642 Cum
774 1576 966 1642 mitteremus
982 1593 1072 1643 ven.m
1094 1577 1220 1644 fratrem
1236 1578 1369 1646 Ennium
1385 1579 1482 1664 episco

248 1714 323 1779 pum
339 1695 526 1760 Verulanum
542 1693 687 1760 nuncium
702 1694 840 1758 nostrum
861 1692 900 1758 ad
915 1692 1072 1758 Helvetios
1093 1693 1231 1776 ipsorum
1253 1695 1334 1761 inter
1349 1716 1382 1762 ee
1395 1713 1482 1780 pacem
1566 1706 1567 1733 ³

249 1811 339 1895 atque
355 1810 546 1877 concordiam
563 1812 594 1875 et
609 1827 686 1892 quae
702 1807 741 1872 ad
758 1795 932 1874 libertatem
953 1808 1190 1874 ecclesiasticam
1206 1811 1362 1894 pertinent
1377 1812 1483 1878 cumtr-

248 1946 325 2008 rum,
340 1926 553 1993 mmdavimue
568 1925 719 1991 eiutcnm
734 1924 924 1989 fraternitate
939 1925 993 1989 tue
1002 1925 1102 1990 verbis
1118 1925 1232 1991 nostris
1241 1929 1346 2010 ageret
1355 1925 1483 1993 nomullu

247 2045 277 2109 et
300 2043 519 2128 colloqueretur
542 2059 618 2126 quae
633 2039 692 2105 tibi
714 2058 767 2122 pro
783 2039 906 2104 honoris
929 2039 975 2104 tui
991 2039 1090 2105 officio
1113 2041 1186 2105 sunt
1200 2041 1228 2106 ei
1243 2042 1391 2120 curanda;
1412 2041 1484 2106 cuns

247 2175 302 2224 nos
332 2159 478 2224 mrtntem
511 2158 542 2221 et
571 2154 764 2239 prudentiam
797 2155 872 2220 bene
895 2156 1000 2220 notam
1029 2154 1193 2232 bohemum
1216 2157 1376 2224 hortamur
1404 2158 1484 2240 igitur

245 2272 372 2339 eandem
394 2275 480 2338 tuem
495 2272 719 2337 fraternitatem
741 2271 774 2334 in
790 2269 920 2335 Domino
936 2271 971 2334 ut
991 2269 1094 2353 ipsum
1110 2271 1286 2355 episcopum
1301 2275 1484 2344 Verulanum,

245 2389 299 2474 qui
319 2388 408 2454 nobis
431 2407 550 2453 summe
574 2407 608 2452 cx
631 2386 715 2452 omni
743 2389 829 2469 parte
851 2386 996 2468 probatus
1019 2387 1074 2464 est,
1098 2384 1262 2469 diligenter
1284 2388 1390 2455 audire
1410 2387 1486 2471 eique

244 2505 298 2571 nbi
319 2523 394 2588 opus
418 2503 560 2569 acciderit
589 2501 674 2568 omni
702 2503 841 2584 mappa,
871 2519 968 2583 opera,
999 2501 1111 2566 auxilio
1140 2501 1240 2567 lavere
1270 2504 1363 2588 atque
1392 2503 1485 2569 adesse

243 2621 328 2701 velis
351 2620 429 2705 quod
452 2619 565 2686 efficies
587 2617 675 2684 nobis
692 2633 882 2700 summopere
904 2618 1029 2700 gratum
1049 2619 1081 2682 et
1104 2616 1290 2683 fraternitati
1305 2621 1378 2685 tuae
1398 2619 1485 2684 bono-

240 2735 326 2820 rique
355 2735 558 2801 ecclesiastico
584 2731 740 2816 imprimis
774 2733 1018 2797 consentaneum.
1071 2733 1187 2796 Datum
1216 2733 1332 2800 Romae
1363 2737 1418 2800 etc.
1445 2732 1486 2798 dic

241 2851 315 2917 ririi.
339 2851 496 2916 Februarii
518 2851 636 2916 mlxxv.
681 2851 770 2914 Anno
794 2847 932 2914 secundo.

806 2963 929 3048 (Foris).

525 3084 614 3147 Anno
638 3078 767 3146 secundo
791 3078 909 3144 mdmv.
955 3077 1114 3142 Februarii
1136 3076 1209 3143 xiiii

482 3197 629 3280 Episcopo
653 3248 658 3261 .
684 3248 690 3261 .
715 3247 721 3261 .
746 3247 752 3260 .
776 3194 815 3259 ad
838 3193 995 3259 Helvetios
1018 3211 1072 3276 pro
1095 3193 1255 3260 Vemlano.

836 3453 888 3521 56.

701 3620 839 3680 Dilecto
861 3619 934 3678 fillo
958 3659 966 3679 .
991 3659 999 3679 .
1023 3659 1032 3678 .

324 3785 364 3846 A.
402 3780 520 3845 Dilecta
536 3777 589 3842 lili.
622 3775 699 3841 Cum
715 3775 906 3840 mitteremus
917 3789 1005 3838 ven.m
1028 3771 1154 3836 fratrem
1164 3771 1297 3839 Ennium
1313 3773 1490 3860 episcopum

234 3897 421 3964 Verulanum
437 3893 581 3961 nuncium
605 3893 744 3957 nostrum
767 3889 807 3954 ad
823 3888 977 3955 Helvetios
993 3888 1028 3952 ut
1042 3887 1285 3954 coniunctionem
1302 3907 1381 3972 quae
1406 3890 1492 3956 nobis

232 4017 263 4081 et
278 4013 350 4079 huic
365 4011 436 4078 sos
452 4009 523 4076 Sodi
545 4007 728 4091 apostolicae
751 4025 818 4070 cum
835 4005 897 4069 ieta
918 4003 1032 4068 invicta
1054 4003 1177 4068 natione
1199 4003 1361 4069 intercedit
1377 4007 1490 4072 contir-

234 4130 332 4195 maret
353 4129 385 4193 et
407 4125 571 4201 renovaret,
596 4141 723 4205 eamque
745 4119 889 4204 quamde
912 4119 1035 4184 illomm
1053 4117 1152 4183 salute
1175 4119 1240 4184 tam
1256 4119 1383 4184 aeterna
1400 4141 1493 4206 quam

230 4244 391 4329 temporali
420 4259 524 4307 curam
547 4240 578 4304 et
601 4237 818 4321 cogitationem
847 4233 985 4319 capimus
1015 4233 1059 4298 eis
1082 4232 1239 4313 indicaret,
1269 4241 1493 4318 cognoscentes

230 4357 395 4443 separatim
409 4357 556 4421 virtutem
580 4356 666 4419 tuam
682 4354 713 4418 et
728 4351 866 4416 animum
889 4349 922 4414 in
937 4347 1028 4414 buius
1045 4345 1174 4413 Sanctae
1190 4347 1277 4414 Sedis
1301 4347 1493 4433 dignitatem

227 4491 420 4558 propensum,
435 4471 483 4536 illi
500 4468 714 4535 mandavimus
732 4469 767 4530 ut
782 4469 884 4530 tecum
899 4465 1002 4548 aliqua
1017 4462 1131 4528 nostris
1148 4462 1248 4527 verbis
1263 4463 1494 4546 colloqueretur
