3192 4930
787 325 1009 391 -24-

275 531 392 598 quoquo
415 513 574 582 serenitati
594 516 697 602 magis
719 517 795 584 utile
810 519 842 583 et
855 518 1024 602 proficuum
1045 517 1176 586 inveniri
1190 537 1291 602 posse,
1314 517 1427 582 fuimus
1440 513 1507 599 apud

273 631 575 715 utramquepartem
598 651 736 699 suasores
759 636 791 700 et
812 635 983 701 hortatores
1005 635 1090 718 pacis
1113 637 1203 719 etque
1225 633 1345 718 quietis.
1369 633 1419 698 Ita
1437 630 1506 697 enin

272 745 482 812 iudicabamus
505 747 602 812 tentis
625 749 656 813 st
678 749 761 814 intus
784 748 920 829 inclusis,
942 751 974 816 et
996 749 1181 817 extrinsecus
1196 749 1385 833 urgentibus,
1407 747 1438 812 ot
1455 745 1507 810 im·

274 861 463 927 minentibus
493 862 714 929 christianitati
744 865 895 948 periculis,
928 865 992 931 sine
1021 864 1188 932 domestica
1210 884 1283 949 poce
1305 865 1337 930 ct
1358 859 1508 938 eoncordia

276 976 380 1042 omnia
402 975 442 1041 ad
463 977 590 1043 exitium
613 980 704 1063 atque
718 980 879 1046 interitum
900 981 1007 1065 parata
1029 1001 1111 1047 esse:
1133 981 1239 1065 postea
1253 998 1323 1046 vero
1342 997 1434 1064 quam
1446 978 1509 1042 haee

274 1091 443 1160 norissima
467 1095 685 1173 successerunt,
707 1114 768 1161 non
790 1096 893 1162 minus
915 1097 1004 1162 nobis
1027 1097 1197 1181 quaerenda
1218 1096 1286 1162 visa
1308 1097 1356 1162 est
1377 1096 1410 1160 ot
1430 1092 1507 1175 dagi-

227 1291 232 1300 ,
273 1209 367 1275 tanda
388 1227 463 1294 pax:
492 1228 584 1294 quem
606 1210 729 1276 utinum
751 1211 796 1276 eis
819 1211 1042 1278 conditionibus
1064 1231 1228 1297 proponere
1256 1225 1509 1295 possumusque

271 1324 414 1391 omnibns
436 1325 543 1410 gratae
564 1328 596 1390 et
616 1326 760 1409 probatae
782 1328 892 1394 essent.
923 1325 1127 1408 Quamobrem
1148 1347 1204 1393 nos
1220 1326 1413 1393 serenitatem
1436 1325 1510 1389 tuum

271 1441 430 1507 hortamur
452 1442 484 1506 et
504 1440 686 1525 requirimus
715 1443 758 1521 ut,
787 1443 863 1508 bene
892 1443 1090 1509 consideratis
1112 1446 1144 1509 ot
1166 1442 1329 1527 diligenter
1356 1437 1510 1526 perspectis
1591 1529 1592 1532 Ἴ

271 1555 362 1622 rebus
377 1555 528 1634 omnibus,
544 1555 576 1620 id
591 1556 693 1640 cupiat
707 1557 843 1637 consilii,
866 1558 946 1642 quod
960 1559 992 1624 et
1006 1557 1071 1624 Deo
1093 1560 1124 1624 ct
1139 1559 1324 1623 christianae
1338 1555 1511 1640 reipublicae
1591 1539 1592 1588 ³

272 1670 435 1754 probatum
458 1669 507 1751 sit,
530 1672 562 1737 et
584 1671 714 1755 sepienti
736 1690 772 1737 ac
795 1673 1051 1740 christianissimo
1074 1673 1140 1758 regi
1162 1672 1386 1750 convenietin
1409 1689 1465 1756 quo
1485 1669 1511 1734 et

272 1783 435 1870 digmtotis
457 1785 527 1851 tuoe
542 1787 610 1851 tuta
625 1787 712 1868 ratio,
735 1789 766 1853 ot
782 1789 865 1854 salus
880 1788 961 1872 apud
975 1789 1076 1854 Deum
1099 1789 1221 1856 aeterna
1235 1788 1334 1872 possit
1347 1787 1511 1853 consistere.
1590 1802 1591 1809 ¹

270 1899 345 1982 Nos,
368 1900 428 1966 etsi
449 1901 588 1967 videmus
618 1902 734 1987 aliquid
756 1904 825 1989 ipsi,
854 1906 959 1971 tamen
981 1905 1053 1989 quia
1081 1924 1142 1970 non
1165 1905 1267 1970 omnia
1296 1923 1373 1990 quae
1395 1903 1430 1970 in
1457 1919 1513 1966 ren

270 2017 342 2082 sunl
356 2016 525 2101 perspicere
539 2035 711 2100 possumus,
733 2021 804 2086 tuae
819 2019 997 2104 cogitationi
1020 2021 1051 2086 et
1071 2020 1282 2088 deliberationi
1303 2019 1512 2104 permittimus

269 2131 353 2198 Illud
382 2131 504 2198 tentum
527 2130 658 2198 dicimus
687 2152 792 2199 casum
814 2154 916 2200 rerum
946 2137 977 2202 et
999 2137 1171 2220 temporum
1194 2137 1345 2214 eventum,
1375 2151 1513 2219 magnum

270 2246 335 2312 vim
366 2247 477 2313 habere
498 2247 533 2312 in
554 2248 691 2314 consiliis
722 2249 885 2333 capiendis.
930 2251 1043 2317 Amore
1071 2253 1153 2318 corte
1182 2252 1313 2337 quodem
1343 2250 1471 2316 ferimur
1489 2247 1516 2312 et

269 2360 436 2446 cupiditate
464 2363 496 2427 te
524 2362 725 2448 tranquillum
753 2367 954 2451 pacatumque
990 2367 1127 2444 videndi3
1156 2385 1217 2435 non
1248 2367 1330 2433 enim
1360 2381 1515 2450 possumus

269 2495 404 2563 eaquae
427 2477 577 2557 audimus,
607 2480 639 2547 et
661 2499 697 2545 ea
718 2500 795 2564 quae
818 2482 906 2567 quasi
935 2482 1087 2548 cernimus
1117 2501 1178 2549 non
1200 2483 1424 2566 pertimescere,
1453 2497 1516 2544 cum

267 2593 369 2660 omnis
391 2594 541 2660 bellorum
565 2595 596 2660 et
617 2594 850 2663 inimicitiarum
872 2597 971 2664 exitus
994 2617 1104 2683 anceps
1127 2599 1177 2678 sit,
1200 2599 1232 2664 et
1245 2598 1315 2682 plus
1338 2595 1448 2662 afferat
1462 2595 1517 2660 iere

266 2708 451 2776 incommodi
469 2727 561 2794 quam
577 2710 664 2787 boui;
688 2711 740 2777 sed
755 2711 788 2777 in
804 2731 1025 2798 quamcumque
1038 2715 1158 2798 partem
1179 2715 1211 2780 te
1226 2712 1354 2792 dederis,
1369 2711 1520 2778 voluimus

266 2826 323 2891 has
345 2826 377 2891 te
399 2825 510 2892 habore
532 2826 661 2906 litteras,
691 2827 785 2892 tostos
815 2845 876 2894 non
906 2829 1005 2894 solum
1034 2831 1156 2895 nostrae
1184 2827 1353 2895 voluntatis
1386 2827 1519 2911 ergata

266 2961 373 3008 vemm
401 2941 496 3007 etiam
528 2941 753 3023 sollicitudinis,
784 2960 877 3028 quam
899 2943 936 3010 de
965 2944 1167 3029 amplitudine
1196 2945 1259 3024 tua,
1288 2945 1320 3010 et
1341 2943 1435 3008 rebus
1460 2941 1520 3007 tuis

268 3056 460 3140 suscipimus.
498 3055 564 3122 Nos
588 3076 664 3141 quae
687 3057 746 3122 tibi
769 3059 864 3125 semel
886 3059 1054 3125 obtulimus
1077 3079 1113 3125 ca
1136 3077 1255 3144 semper
1276 3059 1311 3124 in
1332 3057 1424 3124 nobis
1449 3075 1520 3123 con·

267 3172 348 3239 stare
370 3171 509 3256 reperies,
533 3190 687 3239 summam
710 3191 782 3258 erga
808 3174 1004 3240 serenitatem
1026 3176 1113 3240 tuum
1133 3175 1386 3254 benevolentiam,
1409 3176 1444 3240 et
1468 3192 1522 3258 pu·

266 3289 388 3354 ternum
409 3285 444 3353 in
465 3288 535 3352 tuas
558 3305 606 3353 res
630 3287 775 3370 studium,
799 3290 885 3355 salva
899 3290 991 3356 huius
1014 3292 1137 3358 sanctae
1153 3291 1234 3358 sodis
1257 3290 1419 3375 dignitate,
1445 3289 1524 3356 sicit

265 3403 359 3470 latius
382 3421 452 3469 cum
475 3402 585 3468 dilecto
614 3403 677 3469 filio
700 3405 797 3471 nobili
817 3405 883 3471 viro
905 3405 1031 3473 hlberto
1053 3406 1109 3472 Pio
1141 3405 1251 3472 comite
1280 3403 1371 3490 Carpi
1401 3406 1524 3471 oratore

266 3519 318 3584 tuo
341 3518 436 3584 locuti
459 3537 574 3600 sumus,
604 3519 653 3585 cui
676 3519 713 3586 do
734 3520 785 3586 his
807 3519 847 3585 ad
869 3523 900 3586 te
922 3523 1026 3588 nestro
1049 3521 1172 3588 nomine
1196 3520 1342 3587 scribenti
1372 3519 1524 3586 serenitas

265 3635 320 3700 tua
340 3633 434 3700 fidem
455 3633 588 3701 habebit
633 3633 750 3700 Datum
772 3635 808 3702 iii
830 3635 918 3704 Junii
939 3636 1086 3702 mclxxiiii
1131 3637 1219 3703 Anno
1241 3636 1349 3722 primo.

869 3834 919 3901 19.

796 3959 990 4024 Caesari.

354 4093 519 4166 (latissime
541 4096 574 4162 in
597 4094 720 4163 Christo
749 4097 795 4162 iili
817 4100 920 4165 noster
948 4100 1004 4165 etc.
1048 4099 1195 4183 Legimus
1224 4098 1313 4164 binas
1344 4097 1528 4166 serenitatis

267 4215 338 4279 mae
360 4212 466 4280 eodem
487 4215 623 4297 tempore
653 4213 764 4278 allatas
787 4213 907 4280 litteras
931 4213 1061 4298 scriptas
1090 4214 1130 4279 ad
1159 4230 1248 4280 vernm
1269 4214 1396 4279 fratrem
1418 4213 1528 4282 Fran-

267 4327 383 4395 ciscum
412 4328 588 4412 episcopum
612 4327 867 4408 Salumautinum,
897 4330 1068 4413 praelatum
1090 4330 1231 4396 nostrum
1253 4328 1470 4411 domesticum,
1494 4333 1529 4399 iu

267 4461 396 4528 quarum
417 4443 523 4508 altoris
546 4463 622 4527 quae
644 4444 759 4526 priores
774 4442 863 4509 datae
879 4447 973 4523 erant,
996 4445 1087 4511 illum
1109 4444 1281 4511 hortabaris
1305 4445 1341 4510 ut
1361 4443 1390 4510 is
1407 4449 1531 4514 reverti
