3152 4902
567 314 811 380 -149—

84 509 210 576 Vestam
230 529 300 577 uero
314 530 399 595 opus,
422 511 559 578 vestrum
573 529 686 578 munus
708 510 797 595 quale
813 527 933 594 semper
950 509 1009 576 init
1022 510 1163 594 opinione
1177 511 1209 576 et
1229 509 1313 578 fama

83 625 159 692 istius
178 626 400 694 eruditissimae
422 627 632 695 universitatis
654 627 792 713 dignum
814 627 876 693 tale
891 626 985 693 etium
1007 625 1182 710 erpeotatur
1219 627 1234 692 t
1255 645 1311 711 po·

83 743 169 823 suitur,
197 745 229 810 nt
257 763 328 810 enm
356 745 479 810 tantumn
502 763 520 809 a
543 745 606 810 Deo
636 744 769 829 gratiae,
799 745 921 810 tuntmr
950 743 1072 810 honoris
1094 743 1195 810 ineis
1224 742 1313 810 donis

82 859 225 926 celestibus
248 859 416 945 sapientiae
436 861 470 927 et
491 860 674 940 intelleotus,
705 879 781 944 quae
804 859 912 926 ueteris
935 861 1077 927 omnibus
1099 860 1217 944 potiora
1240 862 1312 926 sunt

81 976 268 1056 obtinueritis,
298 975 332 1042 id
353 978 452 1043 toturn
482 977 522 1042 ad
550 977 647 1061 ipsius
671 977 729 1043 Dei
757 977 889 1062 gloriam
919 997 953 1042 ox
977 995 1036 1061 qna
1064 979 1166 1044 vestra
1195 995 1313 1062 quoque

80 1091 162 1176 gloria
174 1092 331 1173 redundat,
354 1094 385 1158 et
400 1091 439 1158 ad
455 1091 574 1159 Galliae
596 1092 730 1160 manime
745 1092 883 1159 omniurn
898 1093 1064 1160 ostholioae
1082 1095 1114 1160 et
1127 1093 1312 1160 ohrisdnnae

78 1207 201 1292 regionis,
222 1209 341 1295 patriae
364 1209 457 1276 etiam
481 1210 599 1277 restrae
622 1209 761 1288 salutem,
789 1209 824 1274 in
846 1227 906 1294 qua
928 1210 1012 1274 salus
1041 1211 1142 1276 vestra
1171 1209 1272 1276 oensis
1289 1209 1313 1276 't

77 1327 230 1394 conuertere
252 1328 285 1392 et
299 1325 417 1406 referre,
441 1326 533 1392 sicuti
553 1341 621 1392 mos
636 1327 736 1391 uester
757 1327 919 1410 perpetuus
936 1345 1053 1410 semper
1069 1345 1122 1394 ros
1145 1325 1312 1406 admonuit,

77 1440 123 1506 hoo
146 1441 341 1526 potissimum
371 1440 462 1508 dnbio
485 1443 517 1508 et
538 1440 706 1526 pemouloso
736 1443 872 1525 tempore
902 1441 1059 1510 studeatis.
1105 1442 1142 1508 In
1165 1460 1223 1527 qno
1246 1461 1311 1510 rem

76 1555 128 1622 lleo
147 1559 176 1624 et
197 1558 287 1624 nobis
308 1557 530 1643 gratissimam,
553 1557 639 1624 vobis
661 1557 794 1624 manime
815 1558 981 1643 gloriosam
1003 1557 1150 1626 effioietis.
1195 1559 1311 1626 Datum

77 1671 174 1740 Romae
195 1675 252 1740 ete.
275 1673 325 1740 die
347 1693 393 1742 nn.
416 1673 493 1742 Maii
514 1673 634 1742 mim.
679 1673 768 1742 Anno
791 1673 928 1742 seeundo.

149 1887 225 1954 Dnoi
240 1887 388 1954 Borbonii
403 1925 446 1938 -
462 1888 507 1954 ait
528 1888 663 1972 pontifex
686 1907 718 1956 se
741 1889 806 1955 eius
829 1889 949 1954 litteras
965 1891 996 1955 et
1010 1889 1138 1956 oonsilio
1160 1889 1311 1974 aooepissa

75 2003 208 2070 eloenne
223 2005 383 2090 Iaugueta
406 2005 651 2091 eleemosynario,
675 2024 766 2091 seque
780 2006 949 2072 missurum
971 2004 1010 2071 ad
1032 2023 1103 2071 eum
1117 2004 1164 2072 Jo.
1184 2005 1309 2072 Petrum

74 2118 104 2185 de
123 2119 323 2201 Oanoaflariis,
347 2121 399 2206 qui
423 2141 478 2188 sna
493 2122 620 2189 oonsilio
642 2122 742 2189 eidem
757 2122 895 2206 aperiret
941 2123 1056 2188 Rornae
1079 2121 1128 2188 die
1142 2121 1218 2188 xxia.
1234 2121 1311 2188 Maii

73 2235 176 2303 ndns.
219 2236 310 2304 Anno
333 2237 472 2306 seeundo.

649 2472 721 2538 109.

290 2636 444 2712 Prlnotpl
469 2628 672 2718 (Fordinando
695 2627 1079 2716 ArohidueiAustriae).1)

146 2793 262 2859 Dileole
286 2791 332 2857 lili
348 2793 402 2858 ele.
441 2791 542 2858 Laetis
557 2791 670 2858 litteris
686 2792 757 2872 tuis,
780 2810 856 2876 quae
871 2793 908 2858 de
924 2793 1108 2860 tumultibus
1131 2793 1308 2878 agrestium,

71 2907 95 2970 et
114 2910 219 2992 quanto
243 2909 276 2974 in
298 2907 431 2992 periculo
446 2907 554 2974 noble·
576 2909 629 2973 tua
645 2910 815 2974 versaretur
837 2909 926 2974 nobis
949 2909 1142 2986 nunciabant,
1166 2927 1239 2974 sane
1254 2928 1307 2992 pro

71 3041 105 3100 eo,
126 3023 200 3090 siout
221 3023 391 3102 debuimus,
415 3023 559 3090 commoti
582 3024 705 3102 trimus,
728 3044 801 3090 nam
823 3025 854 3090 et
876 3024 1038 3109 dignitatis
1061 3027 1151 3110 atque
1173 3025 1307 3091 auetori-

71 3137 133 3202 latie
153 3140 220 3205 turae
243 3140 431 3205 conservatio
454 3142 485 3205 et
508 3139 592 3206 salus
615 3139 710 3205 totius
734 3137 932 3208 Germanicae
955 3141 1097 3221 nationis,
1120 3160 1211 3226 qnam
1233 3161 1306 3226 pro·

71 3251 206 3320 abentem
222 3256 254 3322 et
276 3255 316 3320 ad
331 3254 491 3321 interitum
512 3255 690 3324 inclinatam
709 3257 879 3323 sustentare
902 3257 1000 3341 quoad
1015 3277 1177 3342 possumus
1200 3278 1306 3325 sumus

71 3368 165 3451 eupidi,
186 3388 333 3456 magnam
355 3369 444 3436 nobis
463 3389 566 3437 euram
590 3370 765 3452 iniecerunt,
788 3375 824 3438 ut
846 3373 906 3439 tibi
921 3393 982 3440 non
1004 3374 1178 3441 deessemus
1200 3378 1306 3442 nostra

72 3501 116 3566 ope
135 3488 221 3570 atque
244 3485 365 3566 anxilio,
388 3488 479 3571 atque
500 3487 533 3552 in
556 3487 700 3554 maximis
723 3489 837 3554 nostris
860 3491 891 3554 et
907 3487 993 3556 Sedis
1016 3491 1198 3574 apostolieae
1220 3489 1304 3558 diffi-

71 3599 227 3680 cultatibus,
251 3621 327 3686 quas
351 3601 409 3667 tibi
431 3622 498 3668 esse
520 3603 699 3669 notissimas
723 3605 845 3684 seimus,
868 3605 984 3690 aliquid
1006 3608 1110 3673 tamen
1133 3607 1304 3675 oorradere·

72 3731 135 3795 nus,
156 3737 212 3802 quo
233 3719 269 3784 tu
292 3718 406 3785 amoris
427 3717 526 3784 nostri
541 3719 572 3784 et
595 3719 689 3785 studii
711 3719 748 3786 de
771 3722 824 3785 tue
847 3721 945 3787 salute
960 3722 1171 3789 testimonium
1193 3723 1305 3791 habere

72 3827 192 3916 loeuplex
212 3852 328 3918 posses.
373 3833 492 3918 Inque
515 3833 574 3900 tibi
604 3835 739 3901 subsidio
763 3835 964 3920 conquirendo
986 3838 1141 3922 praeclara
1163 3839 1304 3906 voluntas

72 3962 124 4012 ren.
144 3947 271 4015 fratrem
293 3949 469 4016 nostrorum
492 3947 522 4017 S.
537 3950 574 4016 R.
590 3951 622 4017 li.
639 3950 842 4018 cardinalium
866 3952 976 4033 extitit,
999 3974 1129 4038 quorum
1144 3973 1303 4022 assensum

71 4060 170 4146 aliquot
183 4085 218 4132 en
234 4064 359 4150 reliquis
382 4064 540 4132 ordinibus
555 4067 718 4146 oonseouti,
742 4085 896 4134 summam
912 4067 1064 4153 quandem
1087 4070 1231 4154 peouniae
1246 4073 1303 4138 sub

149 4277 224 4340 ¹)llls
242 4282 352 4343 epistolis
368 4283 475 4344 pontifex
494 4283 620 4344 respondet
637 4284 744 4344 epistolis
762 4284 892 4333 srehldnels
910 4286 994 4343 qulbus
1012 4285 1093 4344 iniqua
1111 4287 1248 4335 rustloornrn
1267 4302 1302 4337 re·

71 4373 136 4436 telio,
152 4379 211 4428 nala
228 4380 367 4430 dermanlse
388 4381 517 4442 perieulum
535 4379 678 4429 ehnstimaa
704 4383 844 4442 reipublicae
861 4383 935 4431 eidem
955 4383 1137 4440 significabatur.
1176 4384 1231 4433 lllde
1249 4381 1302 4435 Do·

70 4481 169 4524 melo
186 4474 339 4528 wicram
357 4493 371 4526 a
389 4492 426 4527 nra
443 4479 514 4540 edita,
533 4479 624 4533 dueum.
643 4479 702 4538 211,
721 4479 762 4526 iol·
776 4479 835 4529 436.
872 4479 1015 4529 Ratisbonae
1036 4481 1111 4530 1888.
