3152 4902
756 233 1000 298 -136-

251 412 287 476 nt
310 432 476 496 speramus,
499 417 631 485 Domino
654 423 841 507 concedente,
870 429 992 514 tempus
1014 433 1046 498 et
1067 433 1130 499 iam
1152 452 1246 520 prope
1267 439 1323 518 est
1352 457 1417 506 oum
1440 441 1482 506 lis

251 527 393 594 omnibus
423 532 680 604 sollicitudinibus
709 542 835 608 remotis
864 543 981 611 fructus
1011 551 1148 632 speratae
1178 553 1210 618 et
1231 556 1386 638 exoptatae
1412 558 1483 640 pacis

251 643 359 709 uberes
389 647 563 716 sentiemus.
610 650 675 733 Quo
704 658 839 743 tempore
868 663 987 729 eveniet
1007 667 1042 730 ut
1070 667 1208 733 nostram
1230 668 1263 734 in
1286 671 1371 737 cobis
1394 673 1483 739 suble·

252 757 360 824 randis
383 763 414 827 et
429 763 609 832 adiuvandis
631 770 854 856 benignitatem
869 796 904 841 ac
925 779 1163 848 benivolentiam
1177 785 1346 869 perspicere
1367 789 1485 872 possitis.

252 873 369 940 Datum
390 878 505 947 Romae
528 885 582 948 ete.
606 884 655 951 die
677 885 719 952 iii
743 887 820 956 ldaii
841 892 960 960 mdxxv.
1004 897 1094 964 Anno
1117 899 1256 967 secundo.

341 1106 449 1176 Simile
470 1113 665 1184 Placentinis.

844 1385 916 1451 101.

744 1550 830 1622 Regi
853 1553 1012 1625 Anglias.

340 1689 511 1761 Carissimo.
558 1697 634 1764 Ourn
657 1701 696 1767 ad
717 1722 773 1770 nos
803 1706 937 1790 quotidie
959 1708 996 1774 de
1019 1711 1166 1794 apparatu
1195 1714 1392 1802 consiliisque
1419 1717 1486 1782 lbr-
1563 1765 1564 1778 r

250 1823 355 1872 carum
384 1811 488 1877 nuncii
509 1815 541 1879 et
569 1816 689 1884 litterae
718 1821 896 1904 perveniant
923 1825 1034 1908 quibus
1065 1827 1256 1912 significatur
1283 1831 1431 1916 impetum
1456 1833 1488 1898 ab

250 1919 315 1986 illis
337 1922 370 1988 in
385 1924 535 1994 Illiricnm
558 1933 589 1997 et
604 1933 774 2020 Ungsrlam
796 1940 977 2023 praeparari
999 1961 1076 2026 quae
1090 1945 1262 2028 provinciae
1283 1947 1405 2014 auxiliis
1426 1967 1488 2014 oon·

157 2013 168 2034 ’
253 2036 391 2122 siliisque
421 2041 556 2112 desertae
578 2047 612 2113 in
635 2053 767 2119 maximo
791 2057 863 2120 sunt
885 2057 1017 2141 periculo
1039 2059 1164 2144 positae,
1187 2080 1248 2128 non
1262 2082 1423 2147 possumus
1439 2083 1489 2148 quo

253 2154 393 2236 graviora
408 2159 439 2224 et
453 2161 667 2248 propinquiora
682 2169 770 2258 nobis
785 2171 817 2236 et
831 2171 990 2240 universae
1004 2173 1224 2243 cbnstisnitati
1240 2178 1405 2247 imminent
1417 2179 1489 2246 nau

251 2287 313 2364 non
336 2272 511 2342 sollicitiore
533 2281 629 2347 animi
645 2284 745 2350 studio
769 2285 807 2351 ad
830 2307 935 2372 paoem
958 2289 1113 2356 adhortari
1128 2294 1159 2358 et
1180 2293 1261 2378 quod
1282 2315 1378 2362 unum
1399 2315 1488 2362 remo·
1555 2369 1556 2372 ,

251 2383 336 2452 dium
352 2389 475 2457 afflictis
490 2395 579 2461 rebus
594 2400 772 2481 ostenditur,
795 2403 878 2486 pacis
894 2404 1035 2472 videlicet
1049 2409 1080 2473 et
1094 2409 1337 2494 tranquillitatis,
1352 2411 1385 2476 id
1399 2431 1487 2496 quan·
1555 2469 1564 2513 ,ἲ

252 2501 318 2566 tum
334 2505 421 2571 nobis
436 2507 555 2576 licitum
571 2515 627 2594 est,
649 2535 807 2599 procurare
822 2522 853 2585 ot
869 2520 1001 2601 suadere,
1024 2525 1203 2607 praesertim
1218 2545 1287 2592 oum
1303 2527 1490 2593 atrocioribus
1562 2593 1564 2602 A

251 2618 344 2684 melis
359 2621 534 2692 domesticis
556 2631 586 2694 et
601 2631 757 2699 intestinis
780 2655 871 2720 quam
886 2639 1017 2704 externis
1040 2639 1134 2706 etiam
1156 2642 1378 2722 conflictamur3
1400 2643 1491 2709 omnis
1549 2735 1551 2740 Ι

252 2734 334 2800 enim
357 2735 521 2808 Germania
544 2747 655 2813 validis
677 2751 709 2814 et
730 2751 868 2834 pluribus
891 2754 1000 2820 referta
1023 2755 1197 2822 nationibus
1220 2757 1265 2823 ita
1287 2759 1326 2824 ob
1349 2759 1443 2826 scelus
1465 2761 1490 2824 ct

251 2849 441 2935 impietatem
464 2878 566 2928 eorum
590 2864 643 2947 qui
663 2885 757 2934 novas
780 2870 811 2935 et
833 2870 964 2938 nefamas
980 2872 1100 2940 hereses
1124 2875 1177 2939 aut
1199 2875 1424 2943 seminaverunt
1443 2879 1492 2940 aut

252 2964 391 3036 foverunt
418 2974 602 3044 tumultibus
625 2983 657 3046 et
679 2983 878 3052 seditionibus
907 2986 1045 3053 involuta
1073 2991 1104 3055 et
1134 2990 1279 3056 subversa
1299 2993 1348 3057 est
1370 2993 1405 3058 ut
1424 3010 1490 3058 con·
1554 2989 1564 3082 j

252 3082 355 3150 ciuus
385 3089 521 3172 plebium
544 3097 575 3160 e
604 3099 786 3166 seuerum
809 3103 917 3182 onos,
947 3103 1046 3170 omnis
1069 3105 1215 3172 nonnus
1245 3107 1276 3172 e
1297 3107 1399 3173 omns
1426 3107 1492 3172 orco
1563 3083 1564 3116 ¹

252 3201 475 3273 ecclesiasticus
498 3210 536 3276 ad
559 3213 685 3280 exitium
708 3219 860 3284 vocantur.
907 3221 955 3286 lta
978 3239 1033 3286 nos
1056 3221 1090 3286 in
1112 3222 1199 3287 muta
1213 3221 1346 3307 undiqne
1368 3224 1491 3289 circum·
1551 3217 1554 3224 ⁴

253 3315 320 3381 fusa
349 3323 487 3389 omnium
510 3346 611 3394 rerum
640 3332 815 3400 calamitate
837 3335 877 3400 ed
898 3335 998 3401 Deum
1021 3338 1052 3403 et
1075 3336 1242 3403 Dominum
1265 3339 1403 3404 nostrum
1424 3357 1491 3404 oon·
1556 3327 1562 3408 s

252 3435 333 3501 versi
354 3456 459 3520 pacem
482 3442 520 3507 ab
536 3463 570 3508 eo
585 3445 617 3510 et
632 3447 752 3513 veniam
767 3450 963 3532 exposcimus,
979 3453 1068 3536 teque
1083 3452 1129 3518 lili
1143 3469 1240 3518 carum
1254 3456 1285 3520 et
1299 3453 1492 3520 invictissime
1555 3443 1564 3472 '⁴'

251 3551 337 3616 cuius
360 3557 472 3622 mentis
495 3559 526 3624 et
548 3561 714 3629 voluntatis
737 3563 769 3630 in
792 3565 850 3631 Dei
872 3567 961 3632 rebus
984 3567 1112 3634 eximiae
1134 3569 1181 3635 tot
1203 3569 1350 3635 habemus
1372 3570 1492 3654 pignora
1555 3583 1560 3592 “

251 3667 338 3736 enixe
366 3673 562 3755 obtestamur,
593 3680 628 3743 ut
649 3679 768 3763 quando
797 3682 964 3766 plurimum
986 3684 1126 3750 inomni
1154 3685 1238 3768 pacis
1267 3687 1299 3750 et
1326 3685 1493 3752 concordiae
1548 3675 1564 3798 'f

251 3787 377 3854 consilio
400 3789 453 3854 tua
475 3793 575 3874 potest
597 3796 770 3876 aucteritas,
792 3797 869 3864 velis
891 3799 931 3864 ad
952 3819 1020 3865 eam
1042 3799 1208 3865 curandam
1230 3801 1262 3864 et
1283 3799 1492 3866 conficiendam

253 3904 338 3970 tuam
362 3925 483 3990 operam
499 3910 530 3974 et
544 3929 631 3994 opem
647 3913 789 3980 conferre.
813 3911 873 3994 Qui
886 3901 991 3982 hostes
1014 3915 1060 3982 tui
1082 3916 1170 3982 erant
1192 3915 1384 3982 memorabili
1404 3913 1492 3999 prelio
1550 3913 1564 3960 'l

252 4020 327 4086 victi
348 4024 531 4090 remiserunt
553 4025 614 4092 iam
638 4029 862 4095 contentionem
884 4033 915 4096 et
938 4032 1064 4116 spiritus
1094 4030 1248 4116 pristinos.
1294 4029 1375 4111 Quid
1396 4031 1492 4096 autem
1549 4027 1564 4091 'il

251 4137 293 4202 sit
314 4139 395 4222 quod
425 4141 535 4208 stabile
558 4163 592 4208 er
616 4145 740 4211 victoria
763 4147 904 4230 queretur
925 4149 1025 4231 preter
1053 4147 1176 4215 leudem
1199 4149 1230 4212 et
1251 4165 1353 4212 rerum
1376 4163 1492 4211 suanum

252 4254 446 4321 securitatem
467 4256 659 4342 ignoremus3
683 4263 781 4328 cetere
796 4263 879 4328 onim
901 4262 1004 4330 omnia
1025 4265 1170 4330 nontam
1185 4261 1301 4328 sedatio
1317 4263 1389 4329 sunt
1409 4278 1492 4345 prae·
1542 4257 1564 4324 fl

252 4369 410 4438 teritorum
434 4373 572 4440 laborum
595 4395 685 4460 quam
714 4377 874 4445 concitatio
898 4397 985 4464 saepe
1009 4378 1195 4456 futuromm;
1225 4378 1305 4444 nibil
1327 4379 1427 4446 eutem
1449 4379 1492 4442 est
1536 4371 1564 4446 ‘tt
