3192 4930
572 292 796 359 ..59-

83 491 108 554 et
125 485 160 556 ad
171 489 202 557 te
215 488 386 558 sinisterius
408 489 518 568 mista
541 487 594 574 qui
608 487 822 556 acesinem
836 483 959 554 consilii
980 483 1078 552 nostri
1092 503 1153 552 non
1167 475 1309 550 animad-

84 605 219 671 rertebaui
240 607 272 672 ot
293 604 392 671 nimus
415 604 532 690 aliquid
554 605 679 670 subesse
702 603 935 702 suspicabantur
957 603 1010 668 aut
1026 599 1106 686 qnod
1127 617 1232 666 eorum
1253 617 1308 666 ou·

83 720 187 803 piditati
206 739 265 788 non
281 721 488 789 consentiebat
502 720 536 786 in
558 719 759 804 suspitionem
780 736 891 804 ponem
904 715 1113 797 intendebant,
1135 715 1188 802 qui
1205 715 1310 782 tamon

83 837 168 919 posteo
188 835 323 902 ridentes
345 854 401 903 nos
416 835 591 902 immobiles
606 835 640 902 in
661 835 791 920 pristina
806 833 1013 902 neubalitatis
1036 831 1197 912 sententia,
1216 848 1310 915 quam

82 951 159 1018 etiam
180 951 336 1018 serenitati
357 952 428 1018 turae
445 970 539 1036 usquo
561 951 600 1017 ab
622 950 711 1018 initio
727 951 887 1035 probatam
902 948 1118 1028 intelleximus,
1141 948 1173 1014 et
1186 947 1220 1014 in
1236 945 1311 1014 boni

80 1066 191 1149 pastorb
212 1067 312 1134 officio
327 1085 394 1134 esse
408 1067 493 1148 dnos,
515 1065 640 1133 tandem
656 1067 683 1132 si
698 1065 787 1152 aequi
801 1083 868 1134 esse
883 1065 998 1145 volunt,
1013 1083 1177 1150 agnoscere
1198 1061 1310 1130 debent

80 1199 124 1246 nos
143 1182 171 1248 ri
190 1185 361 1267 temporum
383 1200 445 1261 uoq
468 1182 623 1248 voluntate
645 1182 678 1247 id
700 1181 781 1266 quod
802 1180 931 1248 fecimus
953 1179 1095 1248 offecisse.
1125 1176 1192 1260 Quo
1214 1177 1309 1245 etiam

79 1297 194 1382 tenpore
216 1301 307 1364 sent·
329 1299 399 1364 tuae
411 1297 534 1364 litterae
549 1297 646 1364 serius
669 1297 707 1364 ad
722 1316 778 1364 nos
801 1297 913 1364 adame
936 1299 1009 1364 sunt
1030 1295 1142 1380 quibus
1156 1312 1212 1361 nos
1234 1292 1307 1360 hor·

79 1411 142 1479 teris
163 1415 196 1480 ut
217 1415 250 1481 in
272 1415 330 1481 hoo
345 1412 505 1482 Gallorum
520 1414 652 1482 adventu
674 1414 807 1480 nolimus
830 1411 984 1481 communi
1003 1411 1098 1478 saluti
1120 1412 1151 1478 et
1172 1409 1310 1478 libertati

79 1529 170 1597 ltaliae
191 1531 304 1610 deesse,
333 1531 422 1615 teque
450 1530 526 1597 item
555 1530 707 1597 moturum
729 1529 881 1615 polliceris
910 1527 1104 1616 remittisqne
1133 1545 1189 1596 nos
1211 1527 1252 1594 ed
1272 1544 1309 1592 ea

78 1647 204 1726 questui
225 1647 360 1712 oratores
389 1645 478 1713 nobis
501 1646 601 1712 verbis
624 1645 687 1712 tuis
708 1645 874 1730 exposituri
895 1645 1006 1712 essent
1051 1640 1111 1726 Qui
1132 1642 1223 1710 rebm
1244 1641 1309 1708 iam

78 1757 103 1823 iu
121 1759 172 1826 boo
193 1763 277 1828 statu
299 1760 484 1840 constitutis,
513 1760 669 1846 postulata
690 1761 780 1829 nobis
810 1763 863 1828 tuo
885 1758 1010 1828 nomine
1038 1759 1073 1828 iu
1094 1756 1217 1843 scriptis
1240 1755 1307 1824 edi·

77 1873 183 1942 dernnt:
203 1895 258 1962 per
280 1896 356 1962 quae
378 1877 624 1944 commemoratis
639 1877 747 1946 multis
770 1879 802 1944 et
815 1878 939 1963 magnis
954 1875 1128 1944 serenitatis
1150 1876 1221 1942 tuae
1235 1891 1308 1960 erga

75 2008 120 2056 nos
140 1993 168 2057 et
188 1992 267 2059 hano
289 1991 320 2060 S.
337 1990 446 2060 Sedens
469 2011 720 2079 communemque
734 1993 910 2060 libertatem
931 1993 1040 2061 Italiae
1061 1989 1172 2059 officiis
1186 2009 1206 2056 a
1219 1989 1308 2056 nobis

75 2106 210 2187 petierunt
232 2127 356 2174 munero
370 2107 404 2174 in
418 2108 549 2193 pristina
564 2109 716 2176 sententia
731 2109 992 2194 suscipiendarum
1013 2107 1149 2194 partium
1163 2105 1308 2173 advorsus
1354 2196 1360 2206 .

75 2218 165 2288 Gallos
185 2225 217 2288 et
231 2222 313 2290 idem
336 2241 426 2308 agere
448 2223 481 2290 in
494 2224 674 2309 pontificatu
696 2225 776 2310 quod
796 2224 830 2292 in
852 2224 1021 2292 minoribus
1043 2242 1105 2290 non
1119 2222 1219 2290 solum
1240 2219 1308 2306 egi·

75 2353 132 2402 nus
153 2337 203 2405 sed
218 2339 319 2406 felicis
340 2339 436 2406 etiarn
454 2341 669 2408 reeordationis
691 2341 826 2410 Adriano
848 2341 985 2426 pontifici
1007 2342 1043 2407 ut
1056 2341 1161 2427 agend
1182 2357 1309 2426 persua·

74 2451 165 2531 emus,
186 2473 256 2521 curn
278 2454 403 2522 honoris
425 2455 597 2542 gradusque
612 2458 743 2526 mutatio
765 2457 845 2543 apud
859 2459 989 2543 probum
1011 2457 1113 2524 vinnm
1134 2455 1235 2524 valere
1249 2473 1310 2522 nou

75 2563 169 2633 debeat
196 2569 235 2636 ad
265 2569 468 2638 mutationem
497 2571 665 2640 uoluntatis
694 2591 730 2640 ac
753 2573 937 2642 sententiae:
966 2572 1047 2658 quod
1069 2573 1097 2640 si
1118 2574 1192 2640 tuno
1220 2571 1309 2640 nobis

74 2699 124 2748 non
142 2683 256 2768 placuit
270 2685 304 2751 in
319 2685 380 2752 elio
393 2687 537 2771 pontifice
551 2688 741 2769 neutralitas,
759 2709 855 2775 neque
877 2709 945 2758 eam
960 2689 1070 2758 dabam
1090 2707 1171 2757 nnnc
1191 2689 1311 2774 placere

72 2795 213 2866 innobis:
237 2799 277 2867 ad
299 2803 468 2868 extremum
486 2803 513 2869 si
535 2822 621 2870 arma
639 2823 709 2872 cum
731 2805 797 2872 illie
818 2825 881 2873 una
895 2804 1040 2872 adversus
1055 2802 1163 2871 Gallos
1185 2821 1308 2889 capere-

73 2929 138 2989 nus,
160 2916 262 2982 omnia
284 2933 340 2983 nos
355 2935 374 2984 a
389 2918 563 2986 serenitatis
586 2922 657 2986 tuae
671 2919 857 2988 liberalitate
870 2922 902 2988 et
916 2921 1004 2988 nobis
1019 2921 1051 2988 et
1064 2921 1179 2990 nostm
1192 2919 1310 3005 promia

73 3029 102 3091 ut
121 3033 341 3114 expectaremus
365 3033 570 3114 ostenderunt,
598 3035 787 3122 pollicitique
809 3039 890 3104 sunt
934 3037 993 3106 His
1022 3037 1221 3122 petitionibus
1252 3035 1311 3103 etsi

71 3160 117 3208 uos
136 3164 250 3231 quoqne
272 3147 324 3214 hio
345 3149 566 3234 respondimus,
595 3171 673 3236 qnae
700 3171 846 3237 respousa
876 3153 1058 3220 adnostros
1090 3153 1162 3219 istic
1183 3149 1310 3218 nuncios

72 3257 199 3327 uieimm
234 3281 307 3330 cnm
336 3268 419 3330 ser.te
446 3267 500 3331 tua
529 3267 795 3349 communicanda,
826 3269 932 3336 tamen
961 3268 1094 3335 breviter
1122 3266 1229 3334 eadem
1257 3265 1308 3334 bis

72 3371 171 3442 litteris
193 3376 346 3444 volumus
361 3378 528 3465 attingere:
550 3381 684 3466 primum
700 3381 780 3468 qnod
794 3383 833 3450 ad
848 3383 1166 3452 commemorationem
1183 3380 1310 3448 laudum

71 3485 284 3578 officiorumque
306 3495 429 3564 tuorum
451 3495 572 3576 attinet,
601 3497 681 3564 nibil
703 3499 751 3566 est
773 3499 861 3566 nobis
885 3499 991 3566 auditu
1014 3497 1183 3580 iucundius,
1213 3517 1310 3584 neque

71 3603 217 3690 quisquam
240 3611 289 3676 est
311 3608 364 3694 qui
386 3612 457 3677 tuae
480 3615 572 3678 senti·
597 3612 726 3679 vntutes
749 3615 928 3682 ornamenta
950 3613 1060 3682 merita
1081 3616 1114 3683 et
1136 3614 1257 3700 saepius
1279 3615 1311 3681 et

73 3723 212 3789 amantius
235 3743 329 3810 quam
351 3745 408 3792 nos
430 3725 526 3793 soleat
543 3727 723 3811 praedicare.
753 3729 871 3797 Deinde
893 3731 973 3816 quod
987 3732 1128 3799 neutram
1149 3749 1311 3816 personam

71 3835 141 3915 petri
167 3841 322 3907 communi
351 3843 382 3907 et
410 3843 489 3910 bono
517 3840 655 3927 pontifici
683 3847 911 3916 convenientem
940 3847 1004 3916 um
1026 3848 1065 3914 ab
1093 3847 1183 3916 initio
1204 3847 1309 3932 ponti·

73 3947 166 4018 bem
188 3957 419 4040 sumpserimus,
442 3959 481 4026 ab
504 3960 657 4046 armisque
680 3961 901 4030 decreverimus
923 3964 1084 4044 abstinere,
1107 3963 1214 4032 datum
1236 3965 1268 4032 id
1291 3984 1310 4032 a

72 4066 147 4134 nobis
167 4065 232 4137 Deo
254 4074 286 4139 et
309 4071 411 4140 debito
433 4074 464 4142 ei
486 4075 578 4168 baius
602 4074 674 4144 sae
697 4076 785 4145 Sedis
807 4081 1035 4165 oeterorumque
1062 4081 1237 4148 nosuorum
1258 4081 1309 4149 in·

72 4180 145 4262 opine
166 4187 255 4270 atque
278 4189 440 4273 augustiis,
462 4193 494 4257 et
523 4191 602 4276 quod
623 4193 686 4260 nisi
707 4193 765 4260 tali
787 4214 914 4280 persone
944 4199 1084 4282 suscepta
1105 4216 1167 4264 non
1187 4200 1310 4283 potera·

73 4312 132 4362 nus
152 4301 189 4366 ad
217 4303 432 4372 bmtabonem
461 4307 590 4374 alicuius
622 4309 797 4378 concordiae
828 4331 884 4379 nos
912 4312 996 4397 ipsos
1024 4313 1229 4399 interponere,
1258 4335 1313 4400 per

73 4429 153 4493 quau
181 4435 276 4487 mam
305 4421 497 4492 concordiam
526 4424 694 4513 pmpinquo
732 4427 824 4495 exitio
853 4431 886 4497 et
917 4447 1077 4515 supremae
1104 4429 1186 4501 cladi
1214 4432 1311 4503 totius
