3192 4930
188 332 236 401 Π

188 531 305 597 rsrium
327 535 561 599 monumentum
584 532 862 617 praeclarissimum
884 532 950 600 iure
966 531 1081 617 optimo
1096 531 1203 600 haberi
1225 535 1346 617 quesnt.
1374 533 1440 602 Ve-

188 667 258 712 rum
275 647 375 713 erbis
391 649 441 714 vix
456 649 573 734 aliquot
595 669 650 733 per
664 649 696 715 iu
712 651 834 734 tempus
857 648 1039 724 edebantun
1062 667 1118 715 nec
1136 667 1256 733 semper
1271 651 1397 716 constsb
1417 651 1440 726 t,

189 782 208 828 s
229 781 289 847 quo
304 766 405 829 essent
420 764 549 829 excreti:
573 765 605 830 iu
620 765 698 832 libro
714 767 818 831 sutem
833 765 980 849 impresso
995 764 1203 848 epistolarum,
1225 783 1301 849 ques
1317 764 1440 850 scripsit

189 876 358 956 Sedoletus,
381 897 476 962 paene
491 899 596 947 omnes
612 879 829 946 desiderantur.
860 879 968 964 ltaque
986 898 1076 946 nemo
1098 898 1159 946 nou
1175 880 1266 960 videt,
1290 883 1438 966 qnantum

187 993 280 1076 pretii
302 1012 337 1060 uc
359 995 517 1075 momenti,
539 995 690 1061 litterario
712 997 859 1081 respectu
883 999 1006 1062 nostrae
1029 995 1101 1061 buic
1123 995 1251 1063 editioni
1274 1015 1309 1062 er
1327 1015 1362 1062 eo
1384 1015 1436 1061 sc-

188 1109 284 1189 cedst,
306 1109 387 1193 quod
410 1111 498 1177 nobis
528 1110 616 1175 licuit
639 1110 709 1176 illos
733 1130 768 1176 ex
791 1111 858 1194 ipso
881 1108 1017 1177 Ssdcleti
1047 1111 1237 1196 autographo
1259 1111 1437 1190 describere,

187 1223 234 1290 nti
257 1227 330 1290 sunt
358 1224 392 1291 in
420 1226 529 1309 primis
558 1226 837 1310 perscriptionibus,
866 1228 958 1312 atque
988 1226 1062 1293 cieo
1092 1228 1252 1294 observare
1279 1229 1312 1293 ct
1341 1227 1435 1294 velut'

187 1341 320 1425 arripere
342 1340 460 1421 lituras,
484 1339 723 1420 immutationes,
753 1340 964 1408 sddituments
986 1342 1035 1408 sel
1058 1341 1201 1420 minima3
1224 1342 1305 1409 unde
1327 1343 1372 1422 fit,
1403 1343 1439 1408 ut

185 1455 341 1522 interdum
362 1454 475 1522 intime
497 1456 611 1522 mentis
633 1456 769 1540 cogitatu
792 1475 827 1522 ec
842 1456 992 1541 penitiora
1016 1477 1104 1524 sense
1123 1457 1213 1523 focile
1235 1457 1437 1537 innotescunt,

186 1571 297 1656 quibus
319 1570 472 1656 pontificis
487 1589 564 1637 mcx.
589 1571 710 1638 animus
733 1571 932 1652 efficiebatur,
955 1591 1092 1658 quaeque
1108 1592 1143 1639 er
1158 1593 1261 1639 rerum
1284 1572 1437 1639 adiunctis

185 1687 344 1770 oportcbst
367 1685 498 1771 quodum
520 1687 610 1771 qussi
632 1686 700 1754 velo
722 1687 847 1770 operire.

273 1801 412 1870 Profecto
435 1802 558 1869 litterae
587 1802 626 1868 sd
648 1803 780 1887 Anglice
803 1805 835 1869 et
857 1802 1038 1872 lusitanice¹
1062 1823 1151 1889 reges
1173 1804 1262 1870 dotes
1284 1805 1435 1889 gratisn-

183 1935 304 1986 morum
325 1937 429 1985 rerum
451 1918 578 1984 notities
607 1936 643 1982 sc
665 1918 847 1984 documento
877 1917 908 1984 et
940 1918 1031 1984 eliste
1057 1919 1204 2003 prsebeut
1226 1919 1435 1996 nobilissime;

182 2033 287 2114 immo,
308 2053 385 2118 ques
400 2033 533 2118 legimus
556 2033 595 2100 cd
610 2033 805 2100 Franciscum
821 2033 854 2114 1,
877 2033 916 2100 ad
931 2035 1034 2118 Lenoy
1053 2053 1222 2120 prorogem,
1246 2037 1278 2102 et
1299 2035 1432 2102 menime

182 2149 222 2216 od
244 2148 387 2216 carolum
410 2149 446 2214 V.
469 2148 589 2228 misses,
619 2169 671 2216 ece
694 2151 775 2228 sunt,
806 2152 842 2215 ut
864 2149 948 2218 nullo
971 2151 1060 2217 modo
1087 2151 1206 2234 possint
1227 2151 1266 2216 sb
1289 2151 1432 2217 historico

181 2264 350 2350 prosterni,
379 2265 433 2349 qui
462 2267 635 2349 temporum
657 2284 820 2349 rerumque
848 2267 991 2332 naturum
1021 2265 1161 2332 locutus
1190 2284 1368 2350 cognoscere
1396 2285 1432 2330 ac

181 2381 340 2466 penetrare
363 2380 446 2448 velit
478 2380 640 2447 Enimvero
665 2400 700 2446 er
723 2381 771 2458 iis,
794 2399 872 2466 quse
894 2399 912 2446 a
935 2382 1024 2448 nonis
1046 2381 1202 2448 anucriis
1224 2381 1431 2466 ann15251)

181 2496 305 2581 scripsit
326 2494 467 2562 Clemens
490 2494 605 2574 Osrolo,
628 2495 699 2562 dein
721 2497 832 2580 Anglis
854 2499 886 2562 et
900 2497 968 2562 Vsn
986 2496 1059 2582 tisl)
1083 2515 1118 2564 ec
1140 2497 1336 2581 potissimum
1352 2494 1431 2564 Ger·

181 2611 301 2680 nance
330 2608 547 2696 principibusll
575 2611 749 2695 iterumque
771 2609 910 2696 Gurolo⁴)
940 2613 988 2678 sui
1011 2611 1161 2697 purgandi
1187 2611 1297 2696 gretit,
1325 2630 1433 2678 csusss

180 2731 328 2796 cruuntur
350 2727 475 2794 illorum
498 2727 713 2805 mutationum,
742 2727 853 2811 quibus
875 2728 956 2811 quod
977 2728 1011 2793 in
1032 2727 1156 2811 politica
1179 2727 1291 2812 egendi
1313 2727 1432 2793 rsticnc

180 2845 249 2929 plus
270 2861 366 2930 aequo
387 2843 559 2921 indulserit,
581 2843 647 2927 ipse
668 2861 686 2908 c
709 2843 865 2910 nonnullis
889 2841 1041 2909 historicis
1063 2843 1140 2910 salso
1163 2845 1329 2909 accusetur.
1362 2840 1430 2922 Qui,

180 2979 275 3045 quum
298 2959 423 3026 Carolus
445 2959 595 3026 celebrem
617 2957 706 3024 illam
728 2958 766 3023 sd
789 2957 931 3024 Ticinum
958 2957 996 3024 ce
1019 2955 1147 3024 Gallicis
1174 2957 1357 3024 exercitibus
1380 2957 1428 3024 vi·

179 3076 308 3142 ctorism
330 3076 515 3158 reportasset
535 3073 697 3159 ipsumque
720 3071 840 3140 Gcmse
863 3091 967 3157 regem
989 3073 1134 3157 cepisset,
1158 3073 1233 3139 dum
1255 3073 1295 3139 ccl
1318 3073 1430 3157 captivi

179 3193 311 3258 mestrem
338 3187 530 3274 scribebctl)
560 3191 596 3255 ut
618 3187 735 3272 aliquid
763 3187 865 3255 solstii
894 3189 927 3254 in
950 3190 1037 3256 tante
1065 3207 1211 3256 cerumns
1239 3187 1306 3256 eius
1327 3188 1429 3256 enimc

38 3294 41 3300 ’
178 3307 307 3387 slierret,
329 3306 468 3391 impense
490 3305 623 3382 cursbst,
646 3306 683 3370 ut
703 3303 912 3388 potentissimi
930 3302 1106 3382 adversarii,
1129 3303 1208 3370 alter
1230 3322 1300 3371 cum
1322 3302 1429 3384 altero,

177 3441 284 3507 pacem
307 3423 530 3507 componerent,
560 3420 754 3500 tumebam
783 3421 816 3484 ut
840 3419 937 3486 victor
966 3437 1108 3486 successu
1131 3437 1286 3486 armorum
1308 3421 1429 3486 careret

177 3537 272 3617 sbnti,
296 3537 358 3618 sed,
381 3540 523 3622 prosperi
545 3537 667 3604 fortuni
688 3534 843 3602 moderate
867 3553 951 3616 usus,
974 3533 1117 3602 victoriae
1140 3534 1258 3600 fructus
1281 3534 1313 3601 in
1336 3533 1426 3601 cbri-

176 3653 293 3722 stisnce
321 3653 506 3738 reipublicae
536 3652 728 3718 commodum
758 3650 988 3734 utilitatemque
1009 3649 1234 3734 converteretlt
1281 3647 1428 3729 Quocirca

175 3768 259 3836 idem
281 3768 416 3854 pontifex
438 3787 500 3834 non
526 3767 681 3834 dubitavit
710 3764 853 3832 Csrolum
879 3765 974 3832 libere
997 3765 1176 3851 fortiterque
1199 3764 1427 3848 reprehendere,

177 3885 257 3971 quod
279 3884 315 3964 is,
338 3903 392 3952 suo
407 3887 529 3950 tuntum
552 3883 670 3950 nomini
685 3901 816 3966 suaeque
839 3881 995 3966 potentiss
1017 3883 1051 3947 in
1066 3881 1131 3948 (lies
1146 3880 1247 3965 magis
1270 3881 1428 3965 eugendus

176 4003 322 4080 intentis,
345 3999 383 4068 dc
406 3998 632 4066 nvemuncsnclo
646 3997 781 4083 periculo
800 3999 977 4076 Turcorum,
992 3997 1143 4081 Europum
1165 3995 1309 4063 invaders
1331 3995 1426 4064 mini·

176 4117 320 4197 tentium,
343 4115 462 4184 nullum
484 4135 589 4182 curem
611 4117 795 4200 capesseret
819 4113 865 4180 uti
880 4114 969 4180 docet
990 4113 1119 4198 epistole
1140 4111 1229 4179 nonis
1244 4111 1336 4180 Msiis
1353 4113 1427 4180 snni

269 4385 363 4446 Ιιιιιο.
384 4387 648 4446 secessuum.
686 4377 847 4450 pomos,
866 4383 908 4444 ιι,
928 4382 970 4433 cc.
1008 4383 1028 4443 η
1047 4383 1102 4432 noe
1122 4384 1164 4443 ιι,
1183 4383 1224 4437 rou
1242 4383 1286 4433 cs.

267 4478 546 4546 comumnes.
584 4479 678 4540 ‘soce
700 4483 838 4532 seces.
876 4479 1210 4550 possessosum

237 4765 273 4835 Ι
