3128 4908
560 295 805 362 —ale-

145 487 286 574 Sequitur
295 489 395 556 brevis
404 488 534 574 epistula
548 488 663 573 absque
671 487 762 560 titulo
776 487 815 554 ad
825 487 973 574 quosdam
987 487 1085 554 misse
1099 487 1152 572 qui
1160 486 1308 556 auxilium

69 605 198 687 11111111
211 603 358 672 aduersus
372 605 485 682 hostes,
501 605 537 669 ut
552 603 679 683 videtur,
694 603 856 670 christiani
870 604 1013 684 nominis,
1028 603 1139 689 quibus
1153 602 1309 688 premittit

69 721 186 803 pontifex
202 741 235 788 se
249 721 355 788 oblata
375 720 530 788 1111111111
545 740 607 787 neu
629 719 811 787 defuturum
856 719 974 786 Datum
988 719 1094 787 eedem
1109 719 1160 787 die
1172 721 1205 786 et
1219 737 1307 787 eune.

142 882 278 949 unaue
305 880 388 948 uuae
411 881 556 966 1111111
581 839 822 947 sumsere
846 877 897 947 11
921 880 1012 947 eam
1040 879 1078 947 11
1106 881 1181 947 urae
1212 880 1309 947 vauri

68 997 119 1065 ord
133 997 237 1066 Praed
253 997 443 1064 monialium
460 1035 504 1045 -
519 997 564 1064 Ut
584 997 717 1064 Rumam
738 1016 809 1063 eum
825 996 889 1063 suis
904 996 1007 1063 veniat
1022 995 1181 1063 eumdum
1196 1014 1305 1063 mona·

67 1114 140 1180 sterii
160 1113 346 1182 reformandi
367 1132 466 1180 eausa
490 1151 534 1162 -
555 1113 644 1180 rrrii.
666 1111 808 1180 Jauuarii
829 1113 960 1180 mdrxvi

141 1276 275 1343 duteuie
297 1276 335 1342 de
357 1275 446 1342 Iera
485 1275 544 1341 Pro
559 1231 776 1342 manemus
799 1272 985 1360 1101111111,
1008 1273 1061 1360 qui
1083 1273 1308 1358 aposeeseioue

66 1390 211 1458 euiusdam
239 1389 436 1458 eemmendae
464 1408 556 1475 prope
578 1389 735 1458 1111111111
757 1389 954 1475 Papieusem,
983 1389 1099 1456 ordinis
1124 1387 1154 1457 S.
1176 1387 1307 1456 Joaunis

66 1505 324 1586 Hierusolimituui,
339 1505 451 1572 iniuria
465 1505 579 1574 eiectus
595 1505 702 1572 iuerat.
725 1525 789 1572 m
799 1504 821 1572 J
822 1505 942 1572 anuarii
955 1504 1086 1572 mdxxvi
1109 1503 1306 1572 nmotertio.

647 1712 719 1779 164.

582 1858 778 1921 Caesari

141 1997 305 2066 dariesinm
327 1997 362 2064 iu
383 1995 505 2063 Christe
534 1996 582 2063 fili
609 1997 713 2064 uester
741 1997 797 2062 eta
850 1995 919 2062 atsi
948 1995 1025 2062 eerti
1054 2013 1160 2062 sumus
1189 1994 1307 2062 famam

63 2113 161 2196 ipsam,
182 2131 259 2199 quae
273 2115 427 2180 malarum
441 2112 602 2198 praeeipue
623 2131 725 2179 rerum
740 2112 827 2178 uelox
848 2113 881 2178 et
902 2111 1015 2178 1111111
1030 2113 1085 2190 est
1108 2128 1233 2196 gravem
1248 2111 1308 2178 tibi

64 2231 197 2296 nuncium
211 2229 249 2297 de
263 2229 407 2314 perieulis
422 2228 578 2314 Ungariae
600 2227 640 2293 ed
656 2245 768 2312 pauees
783 2227 849 2294 dies
863 2227 1043 2305 allaturam3
1069 2228 1174 2294 tamen
1196 2225 1305 2292 existi·

65 2346 205 2419 nevimus
229 2347 402 2412 nostrarum
425 2344 561 2429 partium
583 2363 659 2423 esse,
689 2361 765 2429 quae
788 2361 823 2410 ex
845 2343 971 2410 nunctis
991 2342 1108 2409 ibidem
1130 2343 1235 2410 uestro
1257 2340 1306 2411 Jo.

65 2459 186 2528 munio
200 2461 347 2528 Puileoue
361 2461 481 2527 Baruue
495 2459 606 2544 Burgii
627 2459 750 2526 homine
764 2457 1004 2543 pmdeutiesimo
1019 2461 1051 2525 et
1065 2457 1306 2543 vigilantissime

64 2577 231 2662 eeeepimue,
254 2595 290 2644 ee
311 2576 540 2662 quamprimum
564 2579 640 2642 sera
658 2577 730 2642 tuae
745 2573 927 2660 significare,
950 2575 1054 2640 futma
1074 2575 1131 2640 illa
1152 2573 1212 2640 tibi
1234 2573 1304 2659 qui·

64 2689 125 2758 dem
146 2694 282 2770 molesta
306 2693 517 2758 verumtamen
538 2690 663 2776 cognitu
678 2690 856 2758 necessaria.
901 2689 939 2757 Iu
954 2689 1004 2756 his
1022 2689 1105 2757 euim
1119 2689 1306 2770 vulneribus,

65 2825 131 2890 quae
151 2808 283 2875 afflietae
304 2807 473 2875 iamdudum
495 2809 527 2874 et
541 2805 661 2873 labanti
675 2805 896 2873 christianitati
918 2805 1053 2891 quotidie
1076 2805 1251 2886 afferuntur,
1265 2805 1305 2871 ed

65 2939 109 2988 eos
127 2923 322 3008 potissimum
351 2923 490 2990 duetores
519 2921 755 3008 confugiendum
777 2923 840 3002 111,
870 2921 950 2988 uude
980 2921 1124 2989 saluteris
1153 2921 1306 2988 medieina

65 3040 155 3120 potest
174 3039 334 3125 erpeetari
378 3040 425 3107 de
447 3039 596 3106 derebus
619 3037 742 3124 quidem
772 3037 857 3105 illiue
879 3038 968 3123 regui
989 3038 1023 3104 iu
1045 3056 1104 3123 quo
1128 3039 1210 3105 statu
1234 3038 1306 3117 sint

65 3173 181 3237 quamue
201 3156 314 3223 misere
335 3158 367 3222 11
388 3155 509 3222 infirme
532 3174 565 3222 se
586 3155 728 3235 habeant
751 3153 847 3240 deque
861 3153 999 3221 eousfliie
1020 3154 1165 3236 hostium
1193 3154 1305 3239 quibus

65 3269 120 3336 ium
139 3274 169 3338 et
191 3291 245 3356 spe
266 3271 403 3356 ipsorum
418 3273 507 3355 eapte
529 3272 620 3356 atque
643 3270 786 3350 confecta
810 3271 841 3336 et
863 3271 969 3336 nostre
982 3288 1075 3356 prope
1097 3267 1305 3356 desperatione

66 3389 239 3472 eomplerata
261 3386 401 3472 Ungaria
423 3388 478 3465 est
501 3387 648 3453 iussimus
664 3385 765 3471 capita
786 3387 855 3472 ipsa
870 3386 1043 3452 litterarum
1066 3384 1198 3452 deseribi
1212 3387 1244 3451 11
1266 3383 1305 3451 11

67 3509 158 3568 seriea
180 3505 267 3569 tuam
291 3501 384 3581 mitti
406 3521 442 3568 er
465 3502 575 3587 quibus
599 3501 709 3568 seriem
731 3501 827 3568 tatius
849 3501 969 3587 negocii
989 3519 1193 3587 cognosceres.
1224 3498 1306 3582 Quid

68 3635 126 3684 rere
146 3619 183 3685 ad
204 3619 281 3686 haee
302 3619 391 3685 tenta
412 3619 444 3684 et
465 3620 531 3683 tam
560 3618 668 3685 aeerbe
697 3617 779 3684 male
806 3617 879 3685 ferri
908 3617 975 3702 opis
997 3619 1051 3684 eut
1072 3616 1194 3684 consilii
1215 3615 1303 3683 iure·

68 3731 119 3798 uiri
137 3735 241 3819 pessit,
270 3735 307 3802 ut
334 3733 487 3818 tantisper
509 3734 621 3800 saltem
642 3733 809 3800 imminens
838 3732 989 3799 excidium
1011 3732 1176 3812 differatur,
1206 3732 1305 3818 quoad

68 3851 227 3917 eeusdtuiis
250 3849 423 3917 desiderata
444 3867 518 3934 paee
540 3848 777 3916 christianitatis
799 3849 897 3928 rebus,
921 3848 1032 3933 aliquis
1054 3847 1218 3933 aliquando
1240 3847 1302 3915 rei·

67 3965 189 4044 publicae
209 3968 242 4033 et
270 3983 359 4032 verae
386 3965 512 4050 pietatis
541 3983 627 4032 amur
654 3964 689 4030 ia
717 3963 889 4050 principum
918 3964 1059 4032 cordibus
1088 3966 1120 4032 11
1148 3963 1304 4031 mentibus

68 4081 223 4162 1111111111
245 4083 398 4150 testamur
411 4081 512 4148 Deum
535 4083 566 4148 et
580 4080 748 4147 Dominum
770 4082 909 4148 uustmm
931 4099 987 4148 nos
1009 4079 1089 4147 nihil
1111 4079 1210 4146 adhue
1224 4079 1305 4165 quod

69 4193 172 4274 plaeeet
191 4201 326 4264 statuere
347 4197 491 4283 petuisse.
530 4195 601 4264 Sive
623 4196 706 4263 euim
721 4196 838 4263 uiribus
861 4198 892 4264 11
906 4197 1014 4281 opibus
1037 4197 1079 4263 sit
1093 4214 1178 4280 opus,
1200 4193 1304 4263 omnia

69 4305 111 4374 hie
135 4310 253 4379 infirma
275 4315 308 4380 et
330 4313 492 4380 extenuata
521 4315 608 4394 suut,
638 4311 703 4379 siae
725 4312 819 4379 etiam
847 4312 905 4379 illa
926 4312 1083 4391 adessent,
1112 4311 1163 4378 vir
1184 4311 1305 4379 ridetur

70 4421 187 4494 brevitas
213 4428 362 4512 temporis
391 4429 486 4495 ullius
508 4429 572 4494 iam
594 4426 722 4495 remedii
750 4446 855 4511 eapers
878 4427 942 4493 rim
964 4446 1060 4512 posse.
1106 4427 1144 4493 In
1166 4445 1226 4512 qua
1248 4445 1303 4492 uos
