3152 4902
590 257 835 324 -181-

99 453 131 517 ut
149 449 278 518 Caesaris
300 450 399 535 ipsius
423 451 590 536 sapientiae
612 453 643 518 at
665 451 698 518 in
721 471 776 518 nos
799 451 883 536 ipsos
899 454 1036 538 hancque
1059 451 1205 520 Sanctam
1228 453 1338 520 Sedem

100 568 219 653 optimae
247 567 416 635 voluntatis
445 567 563 634 fructus
593 567 832 635 iioemerentnr
861 589 936 654 quos
959 571 1092 637 marimo
1122 569 1338 648 desideramus,

99 705 129 750 er
148 683 252 770 quibus
274 683 417 750 videlicet
438 704 499 752 non
522 683 612 750 modo
636 681 724 751 Sedis
747 685 931 770 apostolicae
947 686 1092 772 dignitas,
1114 706 1221 753 oerum
1243 686 1338 752 etiam

100 801 268 868 christianae
297 800 482 885 reipublicae
510 801 721 885 tanquillitas
742 819 816 886 pace
845 803 876 870 et
904 802 1025 869 iustitia
1048 803 1090 868 sit
1118 800 1338 869 constituenda

99 915 188 997 Quam
216 935 300 1002 spem
331 916 391 982 atsi
421 935 539 1000 semper
568 915 701 984 aluimus
723 917 758 983 in
786 918 889 986 animo
912 919 1026 998 nostro,
1056 937 1170 1003 nosque
1200 915 1338 984 Caesaris

98 1033 185 1118 ipsius
205 1033 314 1100 natura
334 1032 495 1118 ingenium
509 1033 618 1118 religio
639 1033 762 1101 bonitas
784 1033 824 1100 ad
845 1035 878 1100 id
893 1033 1060 1122 plurimum
1075 1033 1340 1129 confirmaverunt,

98 1151 191 1216 hman
204 1149 311 1233 cupide
325 1149 424 1216 uisuri
439 1167 545 1214 snmus
568 1168 639 1215 eum
655 1149 811 1216 hominem
834 1170 924 1235 quem
939 1152 1065 1236 uterque
1079 1153 1217 1218 veotnrm
1233 1150 1339 1217 scribit

99 1265 132 1331 ad
151 1285 204 1332 nos
225 1264 402 1350 propediem
423 1265 483 1331 iter
505 1267 697 1349 arrepturum
720 1285 795 1333 esse.
840 1267 885 1332 lix
907 1267 993 1334 cuins
1023 1268 1213 1334 sermonibus
1235 1269 1266 1334 ot
1288 1281 1337 1334 ra-

98 1382 201 1450 lations
221 1381 342 1466 plenius
366 1379 470 1448 omnia
493 1399 599 1448 sumus
622 1382 789 1467 cognitori:
816 1379 904 1464 Quod
925 1402 996 1450 roro
1019 1384 1058 1449 ad
1080 1383 1339 1468 dispensationem

99 1497 275 1566 matrimonii
297 1497 496 1564 contrahendi
517 1497 659 1582 pertinet,
681 1497 761 1564 nihil
775 1501 823 1565 eet
844 1499 978 1594 proiecto
992 1500 1059 1566 tam
1081 1519 1237 1584 magnum,
1261 1497 1341 1584 quod

99 1615 246 1682 innostra
268 1614 397 1699 paterna
417 1613 575 1680 voluntate
597 1632 671 1698 erga
687 1611 848 1682 Caesarem
870 1615 1051 1682 declaranda
1072 1617 1161 1682 nobis
1184 1635 1245 1683 non
1266 1634 1338 1699 par·

100 1751 163 1798 rum
183 1750 249 1798 esse
271 1729 425 1807 videatur3
457 1749 553 1814 nequo
576 1729 738 1814 quicquam
767 1731 914 1798 libentius
943 1731 1073 1798 iacimus
1103 1751 1195 1816 quam
1217 1732 1253 1796 ut
1274 1729 1340 1796 eius

100 1846 189 1914 studio
217 1847 248 1914 at
276 1845 431 1913 voluntati
458 1863 602 1930 geramus
625 1864 758 1924 morem;
788 1845 948 1931 ipsamque
977 1849 1048 1914 tuae
1077 1845 1341 1930 circumspectioni

100 1961 346 2047 dispensationem
361 1961 531 2028 mittimus:
554 1959 614 2028 Sed
637 1962 717 2047 quod
733 1959 843 2028 Caesar
864 1963 930 2047 ipsa
945 1963 1034 2031 nobis
1057 1965 1088 2030 ct
1102 1962 1236 2030 ostendit
1252 1981 1341 2045 saepe

99 2081 125 2144 et
144 2098 194 2165 per
214 2079 334 2146 litteras
366 2077 523 2162 pollicitus
547 2079 603 2158 ast,
632 2078 781 2145 vellemus
803 2079 882 2146 hanc
911 2079 1170 2164 dispensationem
1198 2079 1340 2163 praebere

99 2197 260 2280 promptam
282 2195 313 2262 et
327 2193 451 2260 facilem
465 2193 549 2260 viam
563 2193 633 2278 paci
653 2194 888 2262 christianitatis
904 2195 1078 2261 universali
1114 2192 1202 2277 Quod
1217 2194 1340 2279 quidem

100 2311 266 2378 cnfidmus
288 2310 360 2378 freti
374 2311 406 2377 et
427 2309 636 2377 misericordia
659 2311 774 2376 summi
788 2311 848 2377 Dei
869 2313 900 2378 st
915 2308 1053 2378 Caesaris
1076 2311 1245 2395 prudentia.
1278 2309 1338 2376 Vo-

100 2427 259 2494 rumtamen
280 2426 315 2492 in
336 2427 403 2492 tam
426 2425 583 2510 suspensis
613 2425 839 2493 conditionibus
861 2427 1035 2511 temporum
1066 2447 1115 2494 rcs
1137 2426 1244 2511 magni
1265 2445 1339 2492 oon-

100 2541 155 2607 sllii
174 2543 292 2609 ridetur
314 2541 448 2608 asscita
471 2541 602 2626 dirigere
626 2541 738 2621 omnia,
767 2542 803 2608 ut
825 2541 905 2627 quod
927 2542 1151 2610 coniunctionis
1174 2560 1267 2608 cause
1288 2541 1339 2607 in-

100 2657 231 2724 stitutum
252 2659 309 2736 est,
332 2657 408 2724 alibi
430 2656 596 2723 dissidium
618 2657 650 2724 ct
672 2657 870 2724 offensionem
892 2677 953 2724 non
968 2659 1076 2742 pariat.
1123 2657 1190 2726 Nos
1206 2657 1338 2725 sollicito

101 2771 190 2841 animo
212 2793 318 2840 snmus
341 2772 391 2840 die
413 2773 560 2856 nocteque
582 2771 805 2857 utaliquando
827 2773 877 2839 bis
899 2773 1178 2841 calamitosissimis
1201 2773 1292 2838 bellis
1308 2775 1338 2839 et

101 2888 270 2955 tumultibus
294 2888 336 2954 sit
352 2887 562 2954 christianitas
577 2889 686 2972 pacata
708 2889 739 2954 et
754 2887 859 2969 libera,
883 2889 1025 2973 pacisque
1040 2891 1071 2955 ct
1086 2889 1223 2956 iustitiae
1239 2888 1340 2954 studia

99 3002 217 3086 ngsant
244 3021 307 3072 non
335 3004 541 3089 direptionum
569 3005 600 3069 et
629 3021 798 3071 mmcrnm:
829 3005 909 3089 quod
938 3005 1072 3089 primum
1102 3006 1207 3073 aDco
1238 3004 1338 3071 omni-

100 3120 207 3201 potente
234 3121 436 3205 erpetendnm
458 3121 514 3187 est.
560 3117 733 3186 Secundum
755 3121 856 3187 Deum
885 3122 988 3187 autem
1018 3121 1083 3204 ipse
1107 3119 1217 3187 Caesar
1239 3121 1338 3187 mari-

101 3252 173 3302 msm
193 3237 282 3303 huius
305 3237 379 3304 boni
400 3235 520 3303 udatur
541 3236 654 3302 habere
672 3237 866 3320 potestatem,
889 3255 982 3321 quam
1006 3236 1033 3302 si
1056 3236 1229 3302 adhibuerit
1250 3238 1337 3303 tran-

101 3349 231 3433 quillitati
246 3352 400 3437 quietique
416 3351 579 3431 communi,
602 3351 661 3416 erit
683 3351 764 3436 quod
779 3351 860 3436 apud
875 3352 974 3418 Deum
997 3351 1095 3436 ipsius
1110 3351 1338 3432 immortalitas,

102 3465 170 3548 apud
194 3467 332 3535 homines
362 3466 461 3552 gloria
488 3465 523 3532 in
551 3465 652 3532 fructu
682 3467 883 3551 sempiternas
913 3467 1070 3534 felicitatis
1101 3468 1162 3534 sibi
1192 3467 1337 3553 acquiret.

102 3577 157 3645 Tua
175 3581 294 3666 quidem
316 3581 547 3666 circumspectio
570 3600 624 3665 pro
647 3585 701 3648 tua
723 3581 782 3648 lida
805 3583 835 3648 et
850 3583 1013 3667 prudentia
1035 3586 1066 3650 et
1087 3585 1121 3650 in
1143 3583 1193 3650 his
1209 3585 1242 3650 st
1264 3583 1337 3649 aliis

103 3711 166 3777 qaae
191 3696 239 3764 his
267 3699 470 3765 consentanea
500 3699 579 3778 sunt,
609 3697 746 3764 eiusdem
769 3701 858 3764 ser.rai
886 3696 1024 3765 Caesaris
1053 3701 1218 3783 perbonam
1249 3699 1337 3766 illam

104 3811 222 3880 nmtem
242 3813 365 3899 ingenio
389 3813 597 3898 sapientiaque
612 3813 783 3898 praeditam
805 3815 836 3880 ot
859 3814 1038 3881 confirmare
1060 3816 1091 3882 at
1114 3829 1223 3900 augere
1239 3815 1338 3900 quoad

105 3927 199 4008 poterit
226 3929 391 4010 conabitur,
421 3929 501 3996 sicut
529 3929 686 4014 paraliae
715 3929 851 4014 privatas
879 3930 1000 3996 litterae
1029 3931 1060 3997 te
1082 3929 1196 4014 pluries
1225 3929 1337 3996 instrui

106 4043 306 4114 mandarimus.

179 4160 291 4230 Datum
311 4161 428 4230 Romae
450 4162 506 4229 etc.
529 4159 578 4227 dia
601 4161 662 4227 xiii.
678 4160 862 4230 Novembris
877 4162 995 4229 mdnrv.
1040 4162 1130 4228 Anno
1153 4160 1291 4228 secundo.
