3128 4908
561 281 714 358 *eet
764 318 806 339 -a

47 487 228 554 nostrarum
249 479 375 553 urbium
397 488 468 570 post
489 487 547 552 hac
568 489 716 566 acturam,
739 505 798 571 quo
821 485 1035 553 obstinatiores
1057 479 1215 554 corridet
1229 499 1306 573 quo·

48 623 119 669 mm
141 603 276 670 iniuriae
298 623 355 670 nos
376 603 439 669 iam
462 603 497 668 in
518 602 582 668 alia
603 602 731 670 consilia
753 601 958 686 impulissent,
981 602 1043 668 nisi
1063 601 1185 686 publica
1207 621 1308 683 causa,

48 737 144 802 quam
176 720 296 806 priuata
318 719 423 785 uostm
451 717 600 803 potiorem
630 718 779 798 ducimus,
809 719 840 784 et
863 737 932 802 spes
955 717 1023 802 ipsa
1045 737 1138 803 quam
1160 719 1194 786 in
1217 723 1307 786 serat·

48 835 121 900 tuae
144 834 260 901 anxilio
274 835 409 919 positam
422 835 571 900 babemus
593 853 650 900 nos
672 833 885 900 retardassent.
923 833 969 901 Ut
983 833 1122 918 pluribus
1137 834 1237 902 eidem
1254 835 1307 901 dil.

50 951 116 1016 lilio
140 951 271 1036 Baylivo
294 950 505 1036 respondimus
529 951 585 1017 etc.
630 951 746 1016 Datum
768 949 884 1016 Romae
899 949 955 1016 etc.
979 950 1028 1016 die
1050 951 1108 1018 riv.
1124 949 1308 1018 Novembris

50 1065 209 1134 mdxxviii
255 1067 346 1133 Anno
367 1067 482 1150 quinto.

144 1298 373 1384 Bonapartirde
395 1297 559 1366 Glrisleriis
581 1299 641 1365 ciri
663 1317 698 1364 ac
719 1299 909 1365 thesaurario
931 1299 1066 1365 dritatis
1086 1301 1247 1366 Bononiae.
1265 1336 1308 1348 -

52 1413 252 1482 Confirmatio
274 1415 434 1482 locationis
457 1415 616 1500 uectigalis
631 1414 706 1481 Vini
728 1415 759 1480 et
773 1415 992 1481 'lhesaurariae
1013 1415 1148 1483 eiusdem
1165 1415 1308 1482 civitatis.

55 1567 99 1577 -
125 1530 262 1617 (Absque
284 1529 379 1616 data).

149 1763 283 1830 herisio
312 1763 456 1830 ecclesiae
479 1763 664 1832 Ferentinae
681 1783 746 1847 ¹pro
775 1763 936 1848 Rodnlpho
960 1764 996 1830 de
1019 1763 1085 1830 Piis
1108 1763 1254 1849 carpensi
1275 1765 1308 1832 iu

58 1879 235 1946 consistorio
259 1881 382 1956 secreto,
405 1897 441 1944 ac
463 1879 593 1946 facultas
616 1878 723 1944 eidem'
737 1878 809 1944 data
832 1879 982 1945 retinendi
998 1897 1192 1963 quaecunque
1214 1881 1307 1947 bene·

60 1991 130 2058 licia
152 1994 354 2060 ecclesiastica
383 2013 459 2078 quae
490 1993 648 2060 obtinebat
671 1995 725 2060 ete.
771 1993 831 2060 Die
854 1994 916 2060 xiii.
939 1993 1125 2061 Novembris
1153 1995 1308 2063 mdxxviii.

651 2253 723 2322 196.

518 2420 692 2492 bragaac
716 2419 849 2480 Rhodi.

148 2571 222 2639 dum
239 2573 288 2659 (ut
302 2571 456 2639 devotioni
470 2573 541 2638 tuae
563 2574 671 2640 notum
686 2571 747 2658 eet)
763 2574 863 2638 tribue
886 2573 948 2640 fere
963 2575 1001 2640 ab
1019 2573 1092 2638 hinc
1106 2573 1204 2653 annis,
1228 2575 1310 2640 certa

65 2688 148 2754 uobis
170 2708 237 2774 spes
260 2709 297 2756 ex
312 2688 438 2754 orientis
460 2689 601 2773 partibus
616 2689 756 2754 fulsisset
778 2689 884 2774 magni
906 2688 1059 2755 commodi
1081 2691 1172 2773 atque
1186 2689 1310 2755 honoris

66 2803 241 2871 christianae
271 2805 453 2888 reipublicae
475 2823 510 2869 ao
533 2805 634 2871 vestm
656 2804 796 2889 precipue
819 2803 918 2870 ordini
947 2803 1152 2888 comparandi
1180 2804 1311 2871 libenter

66 2917 146 2986 illam
167 2921 299 3005 amplexi
314 2920 398 2986 velut
420 2939 569 3004 magnum
592 2920 728 2986 solamen
750 2921 797 2985 tot
819 2919 1040 3000 calamitatum,
1063 2938 1140 3004 quae
1154 2920 1311 2986 innostra

67 3035 193 3119 tempora
214 3036 414 3114 iucurrenmt
437 3035 660 3101 destinavimus
682 3035 757 3100 illuc
779 3033 831 3100 dil
847 3035 890 3101 fil.
913 3035 1039 3101 fratrom
1055 3035 1224 3100 Antonium
1247 3035 1310 3100 Βο-

69 3149 150 3230 sium,
170 3152 309 3236 quicum
331 3151 523 3231 coacuisset,
547 3149 674 3217 offendit
697 3169 784 3236 spem
798 3151 888 3216 illam
911 3149 1008 3215 multo
1031 3149 1126 3216 etiam
1142 3149 1311 3216 uberiorem

69 3283 152 3347 quam
173 3268 263 3334 antea
278 3285 498 3351 acceperamus.
543 3267 650 3350 ltaque
666 3267 808 3333 omnibus
831 3267 922 3332 rebus
938 3264 1101 3350 diligenter
1116 3265 1311 3348 investigatis
1405 3248 1416 3256 ’

70 3383 150 3465 abac
177 3382 353 3467 perspectis,
383 3381 555 3466 animisque
577 3400 690 3460 eorum,
721 3400 848 3466 quorum
871 3381 995 3466 egregia
1023 3399 1114 3465 opera
1135 3381 1168 3446 iu
1191 3399 1226 3446 ea
1249 3397 1312 3445 s.¹ue

71 3497 246 3582 expeditione
268 3499 316 3564 uti
338 3497 536 3577 intendimus,
560 3516 613 3581 spe
628 3496 959 3582 pollicitationibusque
982 3496 1179 3575 confirmatis,
1203 3495 1241 3561 ad
1256 3514 1312 3561 nos

72 3614 206 3696 superiori
229 3633 309 3682 anno
332 3632 479 3692 reversus,
509 3613 616 3679 retulit
644 3613 722 3679 illud
745 3612 891 3678 orientale
920 3612 1079 3697 negocium
1108 3613 1224 3697 optimo
1246 3612 1311 3677 loco

71 3746 135 3810 esse,
157 3730 184 3796 si
205 3731 271 3797 eius
293 3728 443 3814 expeditio
466 3730 678 3796 maturaretur.
726 3727 785 3794 Sed
807 3728 834 3793 is
850 3729 916 3794 erat
937 3729 1005 3793 tum
1021 3729 1120 3793 status
1144 3729 1247 3793 noster
1269 3728 1311 3804 ut,

72 3861 172 3928 magna
193 3865 229 3912 ac
251 3844 424 3912 miserabili
437 3843 525 3910 ruina
540 3845 685 3934 oppressi,
701 3843 821 3909 nullam
844 3844 930 3909 robis
953 3863 1040 3928 opem
1056 3844 1190 3928 prestere
1205 3860 1311 3926 posse·

72 3977 139 4040 urus,
159 3980 255 4048 neque
278 3962 377 4028 ullam
405 3961 485 4027 inter
507 3961 554 4026 tot
582 3962 704 4027 nostras
727 3978 762 4026 ac
787 3957 874 4025 Sedis
898 3959 1082 4044 apostolicae
1111 3957 1312 4036 calamitates,

73 4077 229 4158 graviorem
251 4077 403 4144 iacturam
425 4075 594 4156 sensimus,
624 4095 717 4161 quam
739 4075 819 4161 quod
849 4076 990 4141 omnibus
1020 4073 1151 4140 fortuma
1181 4073 1312 4158 spoliati

74 4189 129 4257 eius
149 4192 348 4279 expeditionis
370 4195 444 4258 tunc
466 4193 581 4260 nostris
600 4192 708 4277 opibus
731 4191 918 4258 adiuvandae
941 4189 1129 4256 occasionem
1143 4190 1312 4255 necessario

75 4310 330 4388 praetermisimus.
377 4306 437 4375 Sed
458 4309 565 4375 tamen
587 4327 663 4373 cum·
679 4326 727 4374 res
750 4308 817 4392 ipsa
840 4307 1024 4375 christianae
1038 4303 1221 4389 reipublicae
1243 4323 1312 4370 ma·

74 4424 141 4492 rime
156 4426 300 4492 salutaris
316 4427 347 4492 et
362 4425 401 4492 ad
416 4425 650 4493 instaurandam
665 4424 781 4491 ordinis
798 4423 900 4504 vestri,
923 4441 1014 4508 quem
1029 4421 1180 4508 singulari
1195 4439 1315 4504 semper

119 4553 213 4598 mma·
227 4552 337 4589 maa
352 4551 399 4590 rar.
1114 4533 1151 4600 17
