3128 4908
553 325 798 394 -281-

68 524 153 590 coebo
167 541 257 589 cursu
272 522 406 603 retracti,
429 541 522 608 enque
537 541 631 602 armo,
655 542 731 607 quse
747 522 810 588 iam
825 521 961 606 uictoriis
976 521 1146 589 infidelium
1161 521 1303 588 calebant

68 639 97 704 ad
114 639 347 706 christianorum
369 659 455 706 arma
478 657 496 704 a
519 639 632 705 nostris
656 639 768 724 regnis,
792 657 810 704 e
832 637 952 723 populis
975 640 1098 718 nestris,
1121 659 1139 704 e
1161 639 1301 719 tonans,

68 755 104 820 rel
128 774 147 820 u
174 755 289 821 nostris
319 755 420 840 petius
450 757 617 822 cervicibus
648 754 834 841 depellenda
865 757 1037 822 conuertere
1060 755 1155 822 coacti
1186 773 1300 822 sumus.

68 871 277 956 lltquanqnam
301 871 424 956 superni
442 872 578 938 numinis
601 872 711 955 favore,
734 892 796 939 non
818 871 949 957 benigne
972 872 1075 939 minus
1097 888 1190 958 quem
1212 874 1301 953 iuste,

66 988 139 1055 rebus
160 989 308 1055 hactenus
331 988 483 1056 affulserit
504 989 627 1069 nostris,
658 1008 814 1074 nunquam
837 990 941 1057 temen
963 1008 1016 1073 per
1038 1007 1094 1055 nes
1117 990 1205 1056 stetit
1226 990 1301 1074 quin

67 1106 267 1189 rempublicam
291 1105 517 1190 respiceremus,
550 1108 642 1191 atque
663 1106 695 1174 in
718 1107 787 1192 ipsa
810 1105 936 1172 victorie
964 1124 1050 1171 arma
1074 1105 1300 1191 deponeremus,

67 1239 253 1307 questumque
282 1222 368 1307 pacis
399 1221 595 1302 conditiones,
619 1241 730 1307 aequas
768 1224 880 1302 tamen,
915 1222 1165 1307 amplexaremur,
1196 1223 1300 1289 tantns

66 1337 159 1420 quibus
180 1339 268 1406 mille
290 1338 390 1407 modis
405 1337 505 1405 effecti
527 1357 657 1419 eramus,
679 1339 807 1406 iniurias
822 1338 1076 1406 oblivisceremur.
1115 1337 1202 1420 Quod
1216 1340 1248 1406 et
1267 1339 1301 1406 in

66 1455 220 1536 praesentia
249 1454 348 1521 multo
377 1455 479 1540 magis
503 1455 614 1521 facturi
647 1475 768 1536 sumus,
799 1475 858 1540 quo
881 1455 1004 1541 plonius
1028 1455 1176 1522 serenitas
1200 1456 1301 1522 vestre

66 1569 205 1657 mtebiget
218 1570 299 1638 nihil
314 1591 408 1656 seque
422 1571 510 1638 nobis
533 1572 616 1639 cordi
638 1591 713 1652 esse,
737 1591 830 1656 quem
846 1574 881 1638 ut
899 1571 1013 1639 sedatis
1028 1571 1186 1638 intestinis
1200 1571 1300 1651 bellis,

66 1687 180 1754 summis
198 1687 232 1754 in
247 1688 468 1773 rempublicam
483 1688 601 1756 viribus
616 1687 838 1756 incumbamus.
870 1690 910 1754 lit
931 1689 1032 1773 proter
1047 1689 1200 1768 mandatu,
1223 1707 1300 1774 quae

66 1799 96 1866 de
113 1803 164 1870 boc
185 1803 381 1888 amplissime
403 1803 546 1871 misimus
570 1805 765 1872 sanodssimo
788 1805 912 1871 demine
934 1805 1047 1884 nestro,
1070 1823 1205 1890 quaeque
1220 1803 1299 1871 (ler-

66 1919 169 1987 maniae
190 1919 365 2004 proceribus
387 1921 478 2004 atque
501 1919 621 2005 populis
638 1921 825 2005 scripsimus,
848 1939 907 2006 que
930 1920 1031 2006 magis
1051 1921 1091 1987 ad
1107 1939 1299 1988 communem

66 2052 119 2099 rem
138 2035 300 2102 iuvandam
320 2035 521 2102 incendantur
544 2037 701 2103 sancdtsti
721 2055 793 2103 suae
816 2037 1012 2121 suplicemus‚
1031 2038 1067 2103 nt
1087 2037 1121 2103 in
1135 2035 1301 2103 Germania

64 2147 169 2216 indulta
189 2170 244 2235 pre
266 2153 375 2236 quarta
397 2151 553 2218 fruetuum
582 2152 721 2218 emnium
743 2153 958 2220 beneficiorum
980 2153 1204 2238 cruciatumque
1227 2171 1298 2238 pro-

65 2265 182 2350 mulget,
213 2247 288 2351 quin
317 2268 348 2333 et
377 2268 532 2351 praeterea
562 2268 638 2334 setis
667 2268 803 2334 ualidam
832 2267 963 2334 clessam
986 2287 1130 2353 paremus
1159 2270 1195 2334 ut
1216 2287 1300 2336 mere

65 2379 145 2446 etiarn
166 2382 264 2448 bisin
285 2383 426 2466 partibus
449 2384 487 2449 ab
503 2382 559 2450 illa
581 2384 749 2450 turcarum
771 2382 949 2450 foedissime
964 2385 1047 2449 rabie
1063 2384 1097 2451 in
1118 2384 1186 2449 tuto
1204 2384 1298 2451 collo-

65 2513 162 2564 cemus.
193 2499 358 2582 Potestque
374 2498 521 2565 serenitas
537 2502 639 2565 restra
662 2498 722 2567 sibi
736 2499 924 2584 persuadere,
947 2499 1026 2566 nibil
1041 2519 1107 2566 esse
1122 2499 1196 2567 adeo
1211 2499 1299 2568 uobis

64 2613 196 2694 optatum,
211 2633 306 2699 quam
320 2615 354 2680 nt
369 2632 431 2681 non
446 2614 546 2681 solum
560 2614 752 2700 reipublicae,
774 2633 850 2700 qnae
865 2615 953 2682 nobis
968 2614 1037 2699 ipsa
1052 2617 1100 2682 est
1114 2616 1179 2683 rite
1193 2616 1299 2697 cedor,

64 2729 89 2790 et
107 2728 189 2796 tunt
210 2731 323 2808 nosue,
347 2729 401 2814 qui
422 2731 454 2795 et
475 2731 541 2814 ipse
556 2731 622 2796 tam
644 2731 800 2816 proximus
823 2730 955 2816 periculo
979 2733 1034 2810 est,
1058 2731 1111 2798 sed
1126 2732 1225 2798 vestm
1247 2731 1297 2797 in·
1391 2800 1394 2814 ,

63 2843 158 2923 primis
173 2845 331 2913 serenitati
345 2863 438 2929 quam
453 2847 586 2914 menime
601 2846 798 2931 opitulamen
822 2848 975 2914 caeterum
992 2847 1189 2914 serenitatem
1204 2847 1299 2914 etium

64 2961 180 3026 lustrem
217 2980 339 3028 summo
370 2960 471 3028 studio
501 2961 683 3030 hortandam
719 2963 810 3046 atque
846 2963 1015 3047 rogandam
1044 2961 1202 3042 duximus,
1240 2982 1298 3048 quo

63 3071 130 3152 torti
151 3075 312 3156 constanti,
335 3095 507 3161 magnoque
529 3077 632 3144 animo
648 3076 699 3156 sit,
722 3076 855 3162 dumque
870 3077 1025 3162 intelliget
1039 3096 1095 3144 nos
1110 3096 1165 3162 pre
1181 3077 1298 3145 viribus

61 3187 147 3256 eidem
168 3192 271 3258 deesse
294 3191 383 3272 nolle,
413 3192 480 3276 ipsa
502 3211 620 3277 quoque
643 3193 703 3258 sibi
735 3192 828 3280 (qued
860 3193 965 3261 temen
987 3193 1115 3260 minime
1144 3195 1295 3279 veremur)

62 3305 133 3372 nullo
146 3308 209 3374 loco
230 3307 320 3386 desit,
344 3307 396 3374 sed
411 3326 447 3374 ea
468 3307 571 3374 omnis
585 3309 678 3388 curet,
701 3309 795 3392 paret,
818 3308 983 3392 provideat,
1007 3328 1084 3394 quae
1108 3309 1148 3376 ad
1172 3329 1296 3376 suarum

62 3437 149 3488 rerum
170 3423 450 3509 pmpugnationem,
473 3423 512 3490 ed
528 3422 799 3508 depellendumque
822 3425 888 3490 tam
911 3443 1072 3492 commune
1094 3425 1190 3492 totius
1213 3425 1296 3490 ebri-

63 3534 144 3602 stiani
165 3539 244 3605 orbis
267 3539 435 3624 periculum
458 3540 590 3606 maxime
612 3539 710 3606 faeere
732 3539 923 3606 videbuntur.
972 3538 1135 3624 Speremus
1158 3559 1219 3608 non
1242 3539 1296 3606 de·

62 3648 184 3720 buturum
204 3655 298 3721 etiam
317 3656 382 3720 tem
398 3654 466 3739 piae
481 3673 590 3722 causae
609 3655 760 3740 optimum
776 3655 885 3734 Deum,
908 3655 1054 3740 brevique
1069 3656 1188 3723 evenire
1209 3675 1299 3740 posse

61 3767 89 3828 ut
108 3767 309 3852 importunum
333 3770 423 3836 illum
446 3770 566 3838 bostem
589 3773 694 3837 tenire
718 3789 789 3837 snae
812 3769 963 3850 eudociae,
986 3773 1090 3837 terame
1113 3771 1297 3839 temeritatis

60 3882 206 3964 poeniteat,
235 3887 429 3970 rasumque
458 3885 654 3953 serenitatem
678 3905 770 3970 quem
799 3886 995 3953 foelieissime
1017 3887 1117 3952 ualere
1146 3887 1295 3970 optamus.

62 3993 98 4058 llr
118 3997 234 4066 eivimte
250 4001 356 4068 nostra
371 4001 524 4085 Burgensi
546 4020 626 4068 uena
640 3999 757 4086 Aprilis
780 4020 860 4068 anno
874 4001 1001 4068 Domini
1023 4001 1188 4068 millesimo
1203 4000 1294 4084 quin-

60 4113 215 4192 gentesimo
228 4115 379 4200 vigesimo
394 4118 501 4201 quarto
520 4134 683 4201 regnorum
698 4118 871 4184 nostrerum
886 4115 1018 4184 Romani
1033 4115 1147 4201 quinto,
1171 4117 1203 4181 et
1216 4115 1293 4181 alio·

61 4243 119 4290 rum
140 4247 223 4296 nono.

935 4373 1049 4453 Frater,
1071 4371 1204 4438 Carolus.
