3152 4902
732 206 977 271 -182-

821 425 893 492 139.

633 591 812 651 cardinali
836 591 882 650 de
905 590 1080 650 salutatis.

317 745 435 811 Dileote
458 746 503 810 fili
519 747 630 813 noster.
676 745 831 812 Mittimus
849 743 1112 828 circumspectioni
1134 745 1204 810 tuae
1219 743 1384 810 introeluse
1403 745 1466 808 lue·

230 860 280 926 ria
308 861 546 944 dispensationis
574 881 667 946 quem
698 877 792 926 sor.¹¹¹⁰
822 859 946 929 cassari
973 861 1004 926 et
1033 861 1161 926 dilectae
1190 861 1222 925 in
1246 859 1368 925 Christo
1393 858 1469 924 tiliae

228 961 377 1042 leubellae
400 996 489 1060 super
511 976 706 1042 matrimonio
727 976 808 1042 inter
836 976 919 1061 ipsos
941 975 1144 1043 mntrshendo
1166 974 1375 1050 oonoedimus;
1400 993 1469 1057 quoe

228 1090 332 1156 trevie
361 1090 420 1156 duo
444 1094 524 1170 sunt
547 1093 679 1158 alterum
702 1093 842 1178 generele
864 1111 934 1158 oum
957 1109 1141 1176 quecunque,
1165 1091 1297 1156 alterum
1319 1090 1469 1173 cumipse

229 1206 361 1271 isabella
377 1207 515 1290 speciale,
538 1227 615 1291 quoe
631 1211 707 1273 ser.ti
727 1227 798 1273 suae
813 1227 866 1291 per
882 1209 913 1273 te
927 1207 1067 1273 volumus
1091 1207 1181 1286 tradi,
1195 1207 1240 1272 eis
1255 1205 1470 1272 conditionibus

230 1322 358 1387 servetis
381 1321 418 1388 de
441 1323 551 1406 quibus
575 1325 605 1388 te
627 1343 680 1407 per
702 1323 837 1407 privatas
866 1323 986 1390 litteras
1008 1323 1121 1388 iustum
1142 1322 1366 1388 mandavimus.
1408 1321 1468 1385 Ds-

229 1437 297 1502 tum
321 1436 369 1523 (ut
392 1437 506 1524 supro).

539 1669 853 1755 Arohiepiseopo
877 1669 1170 1736 Oontueriensi.

318 1782 455 1866 Epistola
469 1785 684 1868 gratulationis
699 1788 731 1850 ot
745 1785 922 1852 officiorum.
939 1823 982 1832 —-
998 1786 1055 1851 Dio
1070 1784 1150 1851 xviii
1162 1784 1193 1850 N
1194 1786 1346 1852 ovembris
1359 1783 1469 1850 nidmu.

229 1898 318 1963 Auno
342 1898 478 1965 seeundo.

824 2162 895 2226 140.

693 2324 782 2384 Duci
805 2325 1021 2384 Moseoviae.

317 2477 436 2543 Dileete
458 2477 512 2543 fili
559 2477 685 2545 Summe
708 2498 778 2544 oum
800 2478 919 2544 laetitio
947 2480 1052 2543 nostre
1074 2479 1245 2562 eooepimus
1274 2480 1347 2544 tuse
1367 2479 1474 2544 nohili-

230 2594 305 2660 tatis
326 2593 446 2658 litteras
469 2595 500 2659 et
522 2594 668 2659 nuncium
689 2595 778 2661 tuum
800 2594 991 2660 Demetrium
1015 2594 1136 2659 lirusmi
1159 2593 1300 2673 vidimus,
1327 2594 1475 2661 hominem

231 2711 373 2775 solertem
388 2711 420 2775 et
433 2709 467 2774 in
488 2709 551 2774 tuis
566 2708 720 2775 mundetis
742 2708 924 2793 exponendis
941 2711 1123 2776 eoouruturn
1169 2707 1253 2789 Ques
1268 2711 1372 2776 tumen
1389 2727 1474 2776 men·

231 2825 303 2891 data
333 2825 435 2891 omniu
464 2824 577 2890 litteris
607 2825 853 2902 eontinebontur3
875 2811 919 2890 ¹in
948 2825 1058 2909 quibus
1092 2823 1228 2891 ostendis
1257 2826 1388 2892 terelle
1417 2845 1477 2892 esse

230 2941 389 3008 nobiseum
421 2942 551 3006 etcum
580 2940 650 3005 aliis
682 2939 859 3005 christianis
890 2939 1078 3024 principibus
1108 2940 1253 3006 edversus
1282 2939 1423 3006 infideles
1449 2941 1477 3006 et

232 3055 347 3122 Christi
375 3056 517 3122 mimioos
545 3055 748 3135 coniunctum,
778 3074 814 3121 eo
836 3054 931 3120 etiam
959 3073 1015 3121 nos
1044 3055 1177 3120 horteris
1204 3057 1240 3120 ut
1268 3055 1477 3122 hominemex

231 3171 345 3238 nostris
368 3171 407 3236 ad
429 3172 461 3237 te
482 3171 675 3236 mitteremus
698 3171 751 3254 qui
773 3171 877 3236 omnis
898 3171 1002 3235 nostre
1025 3171 1152 3236 oonsilio
1174 3172 1278 3254 posset
1300 3170 1359 3238 tibi
1382 3171 1476 3257 signi·

232 3288 329 3354 fieere.
368 3285 455 3367 Quod
470 3287 597 3352 lecimus
611 3286 825 3366 libentissime,
848 3285 1050 3371 misimusque
1065 3303 1167 3353 verusm
1190 3286 1318 3352 nauem
1331 3285 1479 3354 Joeunem

232 3403 427 3470 lleneisoum
456 3401 631 3486 episeopum
661 3401 847 3482 Soerensem
877 3402 978 3468 virum
999 3403 1124 3486 plenum
1154 3401 1331 3487 prudentiae
1357 3403 1479 3470 etheri

232 3519 367 3603 spiritus,
383 3519 468 3584 errius
484 3536 539 3584 nos
554 3537 644 3602 eperu
659 3519 690 3583 et
711 3517 863 3584 industris
884 3517 918 3583 in
940 3518 1063 3602 magnis
1078 3519 1168 3584 rebus
1191 3536 1281 3601 seope
1302 3518 1352 3583 usi
1368 3537 1478 3596 sumus

231 3635 263 3700 et
284 3653 355 3699 oum
377 3653 435 3718 quo
458 3634 611 3718 loquimur
633 3633 817 3699 oonfidenter
846 3632 949 3700 omnia
971 3633 1098 3700 consiliu
1127 3635 1240 3698 nostru
1286 3632 1370 3698 Nem
1392 3635 1478 3700 anteo

230 3750 360 3816 dilectus
382 3749 465 3814 filius
481 3749 594 3815 Paulus
611 3747 752 3816 Centurio
774 3747 850 3814 oivis
866 3746 1036 3815 Genuensis
1058 3768 1119 3815 non
1134 3767 1152 3814 a
1166 3749 1256 3814 notis
1271 3749 1386 3814 missus
1405 3749 1475 3825 fuit

231 3865 285 3932 eod
307 3883 377 3930 oum
399 3865 426 3930 is
450 3864 488 3929 ad
510 3866 597 3929 tuam
619 3863 812 3932 nobilitatem
834 3865 873 3930 ob
895 3864 973 3930 elius
995 3883 1102 3930 oeneus
1125 3863 1249 3944 veniret,
1272 3864 1413 3932 dedimus
1436 3863 1479 3930 illi

231 3981 351 4046 litteras
373 3981 503 4060 nostrus,
526 3999 601 4066 quos
624 3979 790 4063 plurimum
822 3978 990 4064 gaudemus
1013 3979 1072 4045 tibi
1093 3979 1190 4046 fluisse
1217 3980 1371 4063 neopum
1400 3980 1477 4048 feee-

232 4097 304 4162 runt
326 4095 410 4161 enim
432 4095 467 4160 ut
489 4097 523 4161 tu
546 4094 702 4162 hominem
725 4095 814 4160 tuum
836 4093 875 4160 ed
897 4111 952 4162 nos
975 4098 1007 4161 et
1028 4113 1156 4162 munero
1178 4094 1273 4162 etism
1296 4093 1386 4160 uobis
1407 4112 1476 4179 gru-

233 4211 356 4276 tissimu
378 4211 531 4287 mitterem
554 4229 616 4276 non
638 4209 717 4295 quod
739 4210 874 4276 multum
895 4229 1035 4277 curemus
1053 4228 1188 4290 munere,
1211 4208 1265 4276 sed
1286 4209 1373 4275 tuom
1394 4207 1477 4274 illum

234 4327 400 4410 benignum
428 4326 460 4390 et
488 4326 654 4393 humanam
677 4326 866 4392 voluntatem
896 4345 969 4411 erge
997 4345 1053 4393 nos
1083 4344 1174 4410 supra
1202 4325 1306 4392 omniu
1335 4325 1478 4392 hebemus
