3128 4908
563 320 806 387 -263-

73 517 213 597 metunt,
225 511 287 604 ‘quo
301 535 372 584 aum
387 519 419 584 et
433 517 498 583 eius
513 515 717 583 iustissimam
734 532 858 581 cansam
873 511 954 598 apud
969 511 1164 578 sanctitatem
1173 511 1308 576 cosmam

73 631 271 700 intercessione
292 633 440 710 foverem
467 632 578 700 idcirco
600 631 646 696 uti
667 649 769 698 rerum
790 627 1065 696 ecclesiasticarum
1087 624 1309 695 conservationi

73 767 118 830 pro
131 749 243 816 siribm
267 749 374 827 enitar,
397 749 442 815 ita
462 767 623 833 oppressae
646 745 887 815 Hildsscmsnsis
909 743 1053 812 ecclesiae
1075 741 1219 828 periculis
1237 759 1306 808 suc·

72 881 175 930 currere
188 864 322 949 cupiens,
336 865 470 931 vestram
486 863 680 930 sanctitatem
695 861 804 929 obsim
817 880 891 946 rogo
906 861 1055 946 qnatenus
1070 857 1222 943 dignetur,
1236 858 1308 922 ante

72 975 141 1044 dicto
160 980 298 1064 episcopo
320 982 353 1046 et
373 979 517 1047 ecclesiae
540 997 612 1045 snae
633 978 734 1064 gratia
756 979 788 1044 ot
810 978 911 1044 favore
932 975 1077 1060 prodesse
1089 976 1122 1040 et
1142 991 1236 1059 quam
1250 973 1305 1038 bo·

72 1097 239 1179 nignissime
261 1097 460 1175 committere,
485 1098 519 1161 ut
540 1113 576 1162 aa
598 1113 689 1163 cansa
712 1113 769 1179 qne
785 1093 875 1161 mmo
896 1093 930 1159 in
951 1095 1017 1158 rote
1039 1088 1151 1158 iudicio
1173 1087 1308 1155 inclames

71 1210 126 1278 illic
144 1213 263 1296 marlot
284 1212 414 1279 indilate
435 1211 555 1278 deliniri
577 1211 683 1296 possit.

147 1326 273 1394 Necnon
293 1345 349 1411 pro
371 1329 490 1394 rosnae
513 1326 687 1394 sanctitatis
709 1325 873 1394 clementia
903 1324 1030 1402 afficere,
1053 1323 1149 1388 immo
1172 1323 1203 1388 et
1226 1317 1308 1404 apud

70 1457 228 1510 cesaream
250 1442 445 1510 maiestatem
467 1441 661 1522 intercedere,
684 1460 743 1527 quo
765 1443 830 1508 lata
845 1439 969 1507 demum
990 1439 1025 1504 in
1039 1457 1074 1506 eo
1089 1435 1215 1521 negocio
1235 1451 1306 1501 sen·

71 1557 164 1638 antia
184 1560 299 1643 absque
322 1559 387 1625 nlla
404 1577 490 1625 mora
512 1557 680 1626 executioni
701 1557 870 1625 mandetur.
916 1556 954 1622 In
976 1574 1011 1623 eo
1036 1555 1137 1620 eostre
1160 1549 1307 1618 sanctitas

70 1675 132 1757 ngat
151 1694 216 1742 rom
247 1693 302 1740 ena
332 1674 495 1742 sanctitate
523 1676 556 1742 et
584 1672 696 1740 Sancta
724 1673 863 1740 Romana
891 1669 1026 1738 Ecclesia
1059 1669 1201 1754 dignam,
1231 1665 1309 1732 mihi

70 1807 173 1874 qnoque
193 1792 285 1875 louge
300 1789 521 1875 gratissimam,
544 1808 616 1874 erga
635 1789 831 1856 sanctitatem
846 1789 988 1866 ammam,
1011 1803 1103 1870 quam
1119 1783 1211 1861 Deus,
1235 1780 1307 1866 opti.

69 1923 137 1970 mm
157 1904 278 1972 felicem
300 1903 474 1972 diutissime
488 1906 653 1984 conservet,
676 1903 944 1988 obsequiosissime
967 1901 1067 1968 studio
1090 1895 1306 1967 mmeranclam,

145 2021 216 2087 Dat
239 2020 448 2105 Nmamberge
470 2021 528 2087 riv.
551 2019 665 2086 Martii
710 2023 800 2086 nnnc
821 2019 949 2087 mclxxiii
970 2035 1054 2084 more
1076 2012 1261 2082 iteremnsi.

686 2133 716 2202 S.
735 2135 769 2202 V.
792 2134 920 2204 devotus

296 2253 467 2320 Bichardus
489 2251 732 2336 archiepiscopus
755 2249 949 2318 ¹treverensis
972 2251 1004 2316 et
1024 2247 1165 2333 princepe
1186 2245 1307 2312 eleuter.

650 2511 722 2577 197.

279 2677 529 2738 Ferdtnandus
551 2677 649 2736 arch.
673 2677 795 2736 Austr.
818 2673 990 2736 Clementi
1013 2673 1087 2732 vn.

484 2785 571 2872 (litt
594 2783 774 2868 principum
797 2783 822 2849 l.
845 2782 891 2869 5).

546 2900 589 2986 (4.
613 2899 683 2965 Deo
711 2897 820 2984 1523).

146 3061 346 3128 Sanctimime
355 3061 387 3126 et
396 3060 575 3127 beatissime
589 3061 684 3144 pater,
695 3059 824 3140 domine,
840 3059 962 3127 domina
971 3057 1217 3126 clementissime.
1233 3055 1309 3123 Post

70 3174 162 3242 baatm
176 3175 268 3262 pedes
284 3176 437 3242 osculatos
452 3175 600 3242 humilem
611 3174 881 3242 commistionem.
896 3173 1101 3241 Beatissimae
1111 3171 1205 3240 vestri
1219 3173 1307 3238 ante·

69 3309 157 3358 mesor
178 3292 226 3358 fel
250 3291 364 3359 record.
387 3291 542 3357 limeum
566 3291 618 3356 VI.
641 3292 773 3376 acceptis
796 3290 879 3358 cordi
909 3289 1061 3357 continuis
1085 3286 1308 3354 incursionibus

69 3408 95 3470 et
113 3407 273 3474 hostilibus
296 3405 438 3490 procellis
461 3426 519 3491 qno
542 3406 619 3473 mma
643 3405 817 3473 subditiuo
841 3405 1055 3489 perfidissimis
1078 3404 1183 3470 sancte
1205 3402 1308 3469 nostre

70 3519 130 3588 litei
150 3523 300 3601 hostibus,
322 3522 452 3588 immani
474 3522 663 3589 'lmcharnm
686 3523 786 3606 gente
809 3521 990 3600 inferuntur,
1013 3539 1049 3586 ao
1063 3519 1215 3605 plerisque
1238 3517 1308 3583 aliis

70 3639 289 3706 necesutatibus
312 3656 370 3722 que
385 3637 520 3722 qnotidie
535 3637 684 3717 accidunt,
707 3655 765 3722 quo
781 3656 831 3704 me
847 3639 1006 3720 statusque
1020 3634 1206 3720 populosque
1224 3652 1308 3699 meos

70 3753 243 3822 commodius
266 3754 377 3830 tuerer,
400 3754 668 3837 propulsaremque
698 3753 809 3818 saltem
832 3753 898 3818 mm
920 3751 1015 3818 donec
1038 3751 1133 3817 semel
1155 3749 1308 3834 generalis

68 3865 116 3931 illa
135 3868 283 3954 expeditio
304 3867 337 3933 in
352 3886 403 3934 eos
418 3869 588 3934 moveretur
611 3868 746 3954 paternis
770 3866 915 3934 subsidiis
931 3886 981 3933 me
1004 3867 1146 3933 adiuvare
1161 3865 1306 3950 dignatus

70 3984 116 4048 cst
137 3983 292 4052 concessit
306 3983 389 4050 onim
404 3983 491 4063 mihi,
513 3984 703 4067 liberumque
725 3983 800 4050 fecit
822 3982 935 4048 medita
950 3983 1054 4067 ampla
1076 3982 1222 4048 facultate
1245 3999 1307 4057 sua,

70 4097 99 4161 ut
117 4117 166 4183 por
186 4100 345 4167 universas
368 4099 498 4166 ditiones
513 4118 599 4167 meas
621 4098 733 4165 aclero
752 4098 876 4164 tertiam
898 4099 1099 4183 proventuum
1115 4114 1238 4163 suorum
1257 4115 1307 4163 ec-

69 4212 295 4282 clesiasticorum
309 4216 429 4298 partem
451 4233 505 4299 pro
520 4233 580 4281 nno
603 4233 682 4280 euno
704 4213 822 4299 exigere
837 4213 1037 4297 colligereqne
1055 4229 1185 4298 possem
1207 4229 1305 4296 quan·

69 4345 148 4410 amm
169 4350 204 4398 ex
224 4329 371 4397 instituta
393 4329 568 4399 collectione
591 4329 630 4396 al
652 4330 732 4396 huuc
755 4329 836 4396 diem
863 4329 967 4395 nullus
989 4329 1098 4396 obulus
1120 4327 1305 4413 pmsenerit;

70 4461 183 4532 amque
204 4445 409 4514 nihilominus
432 4447 534 4514 futuro
549 4465 618 4513 aera
640 4443 720 4512 mihi
742 4446 804 4510 stet
826 4444 947 4510 animus
962 4442 1126 4510 contactis
1148 4441 1307 4527 qualibus·
