<?xml version="1.0" encoding="UTF-8"?>
<!DOCTYPE html PUBLIC "-//W3C//DTD XHTML 1.0 Transitional//EN"
    "http://www.w3.org/TR/xhtml1/DTD/xhtml1-transitional.dtd">
<html xmlns="http://www.w3.org/1999/xhtml" xml:lang="en" lang="en">
 <head>
  <title>
</title>
<meta http-equiv="Content-Type" content="text/html;charset=utf-8" />
  <meta name='ocr-system' content='tesseract 3.04.00' />
  <meta name='ocr-capabilities' content='ocr_page ocr_carea ocr_par ocr_line ocrx_word'/>
</head>
<body>
  <div class='ocr_page' id='page_1' title='image "./monumentasaecul00sadogoog_0287.png"; bbox 0 0 3128 4908; ppageno 0'>
   <div class='ocr_carea' id='block_1_1' title="bbox 766 257 1010 325">
    <p class='ocr_par' dir='ltr' id='par_1_1' title="bbox 766 257 1010 325">
     <span class='ocr_line' id='line_1_1' title="bbox 766 257 1010 325; baseline -0.016 0"><span class='ocrx_word' id='word_1_1' title='bbox 766 257 1010 325; x_wconf 59' lang='grc' dir='ltr'><strong>--268-ὑ</strong></span> 
     </span>
    </p>
   </div>
   <div class='ocr_carea' id='block_1_2' title="bbox 852 483 926 548">
    <p class='ocr_par' dir='ltr' id='par_1_2' title="bbox 852 483 926 548">
     <span class='ocr_line' id='line_1_2' title="bbox 852 483 926 548; baseline -0.041 0"><span class='ocrx_word' id='word_1_2' title='bbox 852 483 926 548; x_wconf 81' lang='grc'>201.</span> 
     </span>
    </p>
   </div>
   <div class='ocr_carea' id='block_1_3' title="bbox 316 607 1440 959">
    <p class='ocr_par' dir='ltr' id='par_1_3' title="bbox 316 607 1440 959">
     <span class='ocr_line' id='line_1_3' title="bbox 316 607 1440 708; baseline 0.004 -4"><span class='ocrx_word' id='word_1_3' title='bbox 316 643 480 704; x_wconf 83' lang='lat' dir='ltr'><strong>Clemens</strong></span> <span class='ocrx_word' id='word_1_4' title='bbox 502 645 575 706; x_wconf 87' lang='lat' dir='ltr'><strong>llll.</strong></span> <span class='ocrx_word' id='word_1_5' title='bbox 598 645 795 707; x_wconf 78' lang='lat' dir='ltr'><strong>wilhelmo</strong></span> <span class='ocrx_word' id='word_1_6' title='bbox 818 651 855 706; x_wconf 86' lang='lat' dir='ltr'><strong>et</strong></span> <span class='ocrx_word' id='word_1_7' title='bbox 878 647 1061 707; x_wconf 86' lang='lat' dir='ltr'><strong>Ludovlco</strong></span> <span class='ocrx_word' id='word_1_8' title='bbox 1083 607 1257 708; x_wconf 60' lang='lat' dir='ltr'><strong>Bavarlam</strong></span> <span class='ocrx_word' id='word_1_9' title='bbox 1279 647 1440 708; x_wconf 77' lang='lat' dir='ltr'><strong>Ducibus·</strong></span> 
     </span>
     <span class='ocr_line' id='line_1_4' title="bbox 690 755 1094 843; baseline 0.002 -22"><span class='ocrx_word' id='word_1_10' title='bbox 690 756 791 842; x_wconf 75' lang='lat' dir='ltr'><strong>(Brea.</strong></span> <span class='ocrx_word' id='word_1_11' title='bbox 807 775 852 840; x_wconf 90' lang='lat' dir='ltr'><strong>ep.</strong></span> <span class='ocrx_word' id='word_1_12' title='bbox 869 756 987 824; x_wconf 84' lang='lat' dir='ltr'>68.ch</span> <span class='ocrx_word' id='word_1_13' title='bbox 1007 755 1094 843; x_wconf 78' lang='lat'>155).</span> 
     </span>
     <span class='ocr_line' id='line_1_5' title="bbox 751 870 1029 959; baseline 0 -19"><span class='ocrx_word' id='word_1_14' title='bbox 751 871 815 959; x_wconf 79' lang='lat'>(15.</span> <span class='ocrx_word' id='word_1_15' title='bbox 831 871 901 939; x_wconf 83' lang='lat' dir='ltr'><strong>Jan.</strong></span> <span class='ocrx_word' id='word_1_16' title='bbox 920 870 1029 959; x_wconf 82' lang='lat'>1524).</span> 
     </span>
    </p>
   </div>
   <div class='ocr_carea' id='block_1_4' title="bbox 208 1031 1557 4134">
    <p class='ocr_par' dir='ltr' id='par_1_4' title="bbox 208 1031 1557 4134">
     <span class='ocr_line' id='line_1_6' title="bbox 350 1031 1490 1118; baseline -0.002 -20"><span class='ocrx_word' id='word_1_17' title='bbox 350 1033 464 1099; x_wconf 89' lang='lat' dir='ltr'><strong>Dilecti</strong></span> <span class='ocrx_word' id='word_1_18' title='bbox 478 1033 544 1114; x_wconf 71' lang='lat' dir='ltr'><strong>tilii,</strong></span> <span class='ocrx_word' id='word_1_19' title='bbox 568 1035 707 1103; x_wconf 74' lang='lat' dir='ltr'><strong>cauam.</strong></span> <span class='ocrx_word' id='word_1_20' title='bbox 745 1033 869 1102; x_wconf 89' lang='lat' dir='ltr'>Dudum</span> <span class='ocrx_word' id='word_1_21' title='bbox 884 1035 1047 1118; x_wconf 89' lang='lat' dir='ltr'><strong>postquam</strong></span> <span class='ocrx_word' id='word_1_22' title='bbox 1069 1035 1119 1100; x_wconf 84' lang='lat' dir='ltr'><strong>fel</strong></span> <span class='ocrx_word' id='word_1_23' title='bbox 1135 1053 1175 1099; x_wconf 90' lang='lat' dir='ltr'><strong>re.</strong></span> <span class='ocrx_word' id='word_1_24' title='bbox 1190 1033 1343 1100; x_wconf 82' lang='lat' dir='ltr'><strong>Adrianus</strong></span> <span class='ocrx_word' id='word_1_25' title='bbox 1357 1035 1435 1118; x_wconf 84' lang='lat' dir='ltr'><strong>Papa</strong></span> <span class='ocrx_word' id='word_1_26' title='bbox 1449 1031 1490 1096; x_wconf 80' lang='lat' dir='ltr'><strong>ll.</strong></span> 
     </span>
     <span class='ocr_line' id='line_1_7' title="bbox 261 1146 1557 1235; baseline -0.002 -21"><span class='ocrx_word' id='word_1_27' title='bbox 261 1147 472 1232; x_wconf 87' lang='lat' dir='ltr'><strong>praedecessor</strong></span> <span class='ocrx_word' id='word_1_28' title='bbox 493 1151 597 1216; x_wconf 89' lang='lat' dir='ltr'><strong>noster</strong></span> <span class='ocrx_word' id='word_1_29' title='bbox 618 1169 672 1234; x_wconf 89' lang='lat' dir='ltr'><strong>pro</strong></span> <span class='ocrx_word' id='word_1_30' title='bbox 694 1151 780 1235; x_wconf 85' lang='lat' dir='ltr'><strong>perte</strong></span> <span class='ocrx_word' id='word_1_31' title='bbox 803 1151 907 1217; x_wconf 88' lang='lat' dir='ltr'><strong>dilecti</strong></span> <span class='ocrx_word' id='word_1_32' title='bbox 921 1149 980 1216; x_wconf 86' lang='lat' dir='ltr'><strong>filii</strong></span> <span class='ocrx_word' id='word_1_33' title='bbox 1002 1149 1114 1217; x_wconf 88' lang='lat' dir='ltr'><strong>nobilis</strong></span> <span class='ocrx_word' id='word_1_34' title='bbox 1130 1148 1188 1215; x_wconf 81' lang='lat' dir='ltr'><strong>viri</strong></span> <span class='ocrx_word' id='word_1_35' title='bbox 1203 1149 1387 1216; x_wconf 82' lang='lat' dir='ltr'><strong>Ferdinandi</strong></span> <span class='ocrx_word' id='word_1_36' title='bbox 1406 1146 1490 1213; x_wconf 80' lang='lat' dir='ltr'><strong>ambi·</strong></span> <span class='ocrx_word' id='word_1_37' title='bbox 1556 1155 1557 1224; x_wconf 79' lang='lat' dir='ltr'>j</span> 
     </span>
     <span class='ocr_line' id='line_1_8' title="bbox 262 1261 1490 1351; baseline 0.001 -21"><span class='ocrx_word' id='word_1_38' title='bbox 262 1263 348 1330; x_wconf 89' lang='lat' dir='ltr'><strong>ducis</strong></span> <span class='ocrx_word' id='word_1_39' title='bbox 370 1263 513 1332; x_wconf 78' lang='lat' dir='ltr'><strong>dustriae</strong></span> <span class='ocrx_word' id='word_1_40' title='bbox 535 1267 707 1350; x_wconf 89' lang='lat' dir='ltr'><strong>expositum</strong></span> <span class='ocrx_word' id='word_1_41' title='bbox 729 1267 840 1338; x_wconf 87' lang='lat' dir='ltr'><strong>fuisset</strong></span> <span class='ocrx_word' id='word_1_42' title='bbox 868 1266 1036 1334; x_wconf 87' lang='lat' dir='ltr'><strong>maximum</strong></span> <span class='ocrx_word' id='word_1_43' title='bbox 1059 1266 1236 1351; x_wconf 78' lang='lat' dir='ltr'><strong>periculum</strong></span> <span class='ocrx_word' id='word_1_44' title='bbox 1265 1266 1298 1332; x_wconf 90' lang='lat' dir='ltr'><strong>in</strong></span> <span class='ocrx_word' id='word_1_45' title='bbox 1320 1284 1379 1349; x_wconf 86' lang='lat' dir='ltr'><strong>quo</strong></span> <span class='ocrx_word' id='word_1_46' title='bbox 1407 1261 1490 1330; x_wconf 79' lang='lat' dir='ltr'><strong>uchi-</strong></span> 
     </span>
     <span class='ocr_line' id='line_1_9' title="bbox 262 1378 1492 1468; baseline -0.001 -23"><span class='ocrx_word' id='word_1_47' title='bbox 262 1378 389 1446; x_wconf 90' lang='lat' dir='ltr'><strong>ducatus</strong></span> <span class='ocrx_word' id='word_1_48' title='bbox 412 1381 563 1461; x_wconf 73' lang='lat' dir='ltr'><strong>suaniae,</strong></span> <span class='ocrx_word' id='word_1_49' title='bbox 587 1382 706 1468; x_wconf 82' lang='lat' dir='ltr'><strong>aliaque</strong></span> <span class='ocrx_word' id='word_1_50' title='bbox 727 1382 825 1466; x_wconf 89' lang='lat' dir='ltr'><strong>ipsius</strong></span> <span class='ocrx_word' id='word_1_51' title='bbox 848 1381 1032 1449; x_wconf 82' lang='lat' dir='ltr'><strong>Ferdinandi</strong></span> <span class='ocrx_word' id='word_1_52' title='bbox 1054 1381 1190 1448; x_wconf 88' lang='lat' dir='ltr'><strong>dominia</strong></span> <span class='ocrx_word' id='word_1_53' title='bbox 1212 1381 1379 1448; x_wconf 76' lang='lat' dir='ltr'><strong>constimta</strong></span> <span class='ocrx_word' id='word_1_54' title='bbox 1400 1381 1492 1453; x_wconf 73' lang='lat' dir='ltr'><strong>eraut</strong></span> 
     </span>
     <span class='ocr_line' id='line_1_10' title="bbox 262 1495 1492 1582; baseline -0.002 -20"><span class='ocrx_word' id='word_1_55' title='bbox 262 1497 293 1562; x_wconf 94' lang='lat' dir='ltr'><strong>et</strong></span> <span class='ocrx_word' id='word_1_56' title='bbox 315 1496 477 1562; x_wconf 88' lang='lat' dir='ltr'><strong>vehemens</strong></span> <span class='ocrx_word' id='word_1_57' title='bbox 500 1496 693 1577; x_wconf 83' lang='lat' dir='ltr'><strong>desiderium,</strong></span> <span class='ocrx_word' id='word_1_58' title='bbox 723 1499 803 1582; x_wconf 89' lang='lat' dir='ltr'><strong>quod</strong></span> <span class='ocrx_word' id='word_1_59' title='bbox 824 1497 906 1564; x_wconf 90' lang='lat' dir='ltr'><strong>idem</strong></span> <span class='ocrx_word' id='word_1_60' title='bbox 928 1497 1138 1564; x_wconf 81' lang='lat' dir='ltr'><strong>Ferdinaudus</strong></span> <span class='ocrx_word' id='word_1_61' title='bbox 1167 1516 1228 1563; x_wconf 90' lang='lat' dir='ltr'><strong>non</strong></span> <span class='ocrx_word' id='word_1_62' title='bbox 1250 1496 1353 1564; x_wconf 90' lang='lat' dir='ltr'><strong>minus</strong></span> <span class='ocrx_word' id='word_1_63' title='bbox 1375 1495 1414 1562; x_wconf 88' lang='lat' dir='ltr'><strong>ad</strong></span> <span class='ocrx_word' id='word_1_64' title='bbox 1432 1513 1492 1562; x_wconf 90' lang='lat' dir='ltr'><strong>cca·</strong></span> 
     </span>
     <span class='ocr_line' id='line_1_11' title="bbox 263 1610 1494 1699; baseline -0.002 -22"><span class='ocrx_word' id='word_1_65' title='bbox 263 1611 423 1678; x_wconf 86' lang='lat' dir='ltr'><strong>solendum</strong></span> <span class='ocrx_word' id='word_1_66' title='bbox 446 1612 629 1680; x_wconf 76' lang='lat' dir='ltr'><strong>christianae</strong></span> <span class='ocrx_word' id='word_1_67' title='bbox 653 1614 794 1699; x_wconf 80' lang='lat' dir='ltr'><strong>religioni</strong></span> <span class='ocrx_word' id='word_1_68' title='bbox 809 1615 842 1680; x_wconf 89' lang='lat' dir='ltr'><strong>in</strong></span> <span class='ocrx_word' id='word_1_69' title='bbox 864 1613 1027 1692; x_wconf 77' lang='lat' dir='ltr'><strong>mmmuni,</strong></span> <span class='ocrx_word' id='word_1_70' title='bbox 1050 1631 1143 1697; x_wconf 84' lang='lat' dir='ltr'><strong>quem</strong></span> <span class='ocrx_word' id='word_1_71' title='bbox 1166 1613 1227 1680; x_wconf 91' lang='lat' dir='ltr'><strong>sibi</strong></span> <span class='ocrx_word' id='word_1_72' title='bbox 1242 1610 1494 1688; x_wconf 79' lang='lat' dir='ltr'><strong>archiducabuiet</strong></span> 
     </span>
     <span class='ocr_line' id='line_1_12' title="bbox 262 1725 1495 1814; baseline 0.002 -21"><span class='ocrx_word' id='word_1_73' title='bbox 262 1728 333 1794; x_wconf 88' lang='lat' dir='ltr'><strong>aliis</strong></span> <span class='ocrx_word' id='word_1_74' title='bbox 348 1727 492 1795; x_wconf 91' lang='lat' dir='ltr'><strong>dominiis</strong></span> <span class='ocrx_word' id='word_1_75' title='bbox 507 1728 671 1813; x_wconf 87' lang='lat' dir='ltr'><strong>praedictis</strong></span> <span class='ocrx_word' id='word_1_76' title='bbox 685 1729 831 1814; x_wconf 80' lang='lat' dir='ltr'><strong>privatim</strong></span> <span class='ocrx_word' id='word_1_77' title='bbox 846 1729 964 1795; x_wconf 83' lang='lat' dir='ltr'><strong>arderet</strong></span> <span class='ocrx_word' id='word_1_78' title='bbox 982 1729 1105 1794; x_wconf 81' lang='lat' dir='ltr'><strong>furiosis</strong></span> <span class='ocrx_word' id='word_1_79' title='bbox 1120 1728 1279 1796; x_wconf 88' lang='lat' dir='ltr'><strong>conatibus</strong></span> <span class='ocrx_word' id='word_1_80' title='bbox 1293 1725 1495 1796; x_wconf 74' lang='lat' dir='ltr'><strong>immanissimi</strong></span> 
     </span>
     <span class='ocr_line' id='line_1_13' title="bbox 262 1841 1496 1932; baseline -0.004 -21"><span class='ocrx_word' id='word_1_81' title='bbox 262 1845 377 1912; x_wconf 78' lang='lat' dir='ltr'><strong>&#39;turcae</strong></span> <span class='ocrx_word' id='word_1_82' title='bbox 413 1846 536 1932; x_wconf 77' lang='lat' dir='ltr'><strong>tyranni</strong></span> <span class='ocrx_word' id='word_1_83' title='bbox 565 1847 739 1913; x_wconf 89' lang='lat' dir='ltr'><strong>universam</strong></span> <span class='ocrx_word' id='word_1_84' title='bbox 771 1845 1029 1912; x_wconf 79' lang='lat' dir='ltr'><strong>christianitatem</strong></span> <span class='ocrx_word' id='word_1_85' title='bbox 1065 1845 1164 1912; x_wconf 89' lang='lat' dir='ltr'><strong>delere</strong></span> <span class='ocrx_word' id='word_1_86' title='bbox 1194 1845 1365 1930; x_wconf 86' lang='lat' dir='ltr'><strong>satagentis</strong></span> <span class='ocrx_word' id='word_1_87' title='bbox 1396 1841 1496 1930; x_wconf 85' lang='lat' dir='ltr'><strong>potenti</strong></span> 
     </span>
     <span class='ocr_line' id='line_1_14' title="bbox 262 1958 1497 2046; baseline -0.002 -20"><span class='ocrx_word' id='word_1_88' title='bbox 262 1979 356 2028; x_wconf 89' lang='lat' dir='ltr'><strong>manu</strong></span> <span class='ocrx_word' id='word_1_89' title='bbox 378 1981 545 2039; x_wconf 89' lang='lat' dir='ltr'><strong>occurrers;</strong></span> <span class='ocrx_word' id='word_1_90' title='bbox 569 1963 622 2030; x_wconf 89' lang='lat' dir='ltr'><strong>sed</strong></span> <span class='ocrx_word' id='word_1_91' title='bbox 645 1962 782 2033; x_wconf 87' lang='lat' dir='ltr'><strong>ardorem</strong></span> <span class='ocrx_word' id='word_1_92' title='bbox 805 1959 902 2030; x_wconf 88' lang='lat' dir='ltr'><strong>animi</strong></span> <span class='ocrx_word' id='word_1_93' title='bbox 925 1961 973 2027; x_wconf 94' lang='lat' dir='ltr'><strong>sui</strong></span> <span class='ocrx_word' id='word_1_94' title='bbox 995 1961 1085 2028; x_wconf 89' lang='lat' dir='ltr'><strong>illum</strong></span> <span class='ocrx_word' id='word_1_95' title='bbox 1100 1961 1227 2046; x_wconf 88' lang='lat' dir='ltr'><strong>implere</strong></span> <span class='ocrx_word' id='word_1_96' title='bbox 1248 1979 1310 2027; x_wconf 89' lang='lat' dir='ltr'><strong>non</strong></span> <span class='ocrx_word' id='word_1_97' title='bbox 1332 1979 1428 2045; x_wconf 76' lang='lat' dir='ltr'><strong>posse,</strong></span> <span class='ocrx_word' id='word_1_98' title='bbox 1448 1958 1497 2024; x_wconf 89' lang='lat' dir='ltr'><strong>nisi</strong></span> 
     </span>
     <span class='ocr_line' id='line_1_15' title="bbox 262 2077 1496 2162; baseline -0.003 -18"><span class='ocrx_word' id='word_1_99' title='bbox 262 2078 439 2162; x_wconf 89' lang='lat' dir='ltr'><strong>peripsum</strong></span> <span class='ocrx_word' id='word_1_100' title='bbox 461 2077 721 2162; x_wconf 81' lang='lat' dir='ltr'><strong>praedecessorem</strong></span> <span class='ocrx_word' id='word_1_101' title='bbox 744 2078 772 2144; x_wconf 91' lang='lat' dir='ltr'><strong>ei</strong></span> <span class='ocrx_word' id='word_1_102' title='bbox 794 2077 918 2146; x_wconf 85' lang='lat' dir='ltr'><strong>tertiam</strong></span> <span class='ocrx_word' id='word_1_103' title='bbox 941 2079 1059 2162; x_wconf 87' lang='lat' dir='ltr'><strong>partem</strong></span> <span class='ocrx_word' id='word_1_104' title='bbox 1078 2077 1215 2144; x_wconf 90' lang='lat' dir='ltr'><strong>omnium</strong></span> <span class='ocrx_word' id='word_1_105' title='bbox 1237 2079 1436 2161; x_wconf 84' lang='lat' dir='ltr'><strong>proventuum</strong></span> <span class='ocrx_word' id='word_1_106' title='bbox 1455 2093 1496 2140; x_wconf 89' lang='lat' dir='ltr'><strong>ec·</strong></span> 
     </span>
     <span class='ocr_line' id='line_1_16' title="bbox 262 2193 1499 2279; baseline -0.002 -19"><span class='ocrx_word' id='word_1_107' title='bbox 262 2193 422 2260; x_wconf 87' lang='lat' dir='ltr'><strong>etesiarum</strong></span> <span class='ocrx_word' id='word_1_108' title='bbox 445 2195 484 2260; x_wconf 92' lang='lat' dir='ltr'><strong>ab</strong></span> <span class='ocrx_word' id='word_1_109' title='bbox 507 2194 643 2261; x_wconf 89' lang='lat' dir='ltr'><strong>ecclesiis</strong></span> <span class='ocrx_word' id='word_1_110' title='bbox 665 2195 731 2261; x_wconf 75' lang='lat' dir='ltr'><strong>nm</strong></span> <span class='ocrx_word' id='word_1_111' title='bbox 754 2193 966 2274; x_wconf 84' lang='lat' dir='ltr'><strong>saecularibus,</strong></span> <span class='ocrx_word' id='word_1_112' title='bbox 989 2212 1082 2278; x_wconf 86' lang='lat' dir='ltr'><strong>quam</strong></span> <span class='ocrx_word' id='word_1_113' title='bbox 1105 2193 1296 2279; x_wconf 82' lang='lat' dir='ltr'><strong>regularibus</strong></span> <span class='ocrx_word' id='word_1_114' title='bbox 1319 2213 1373 2278; x_wconf 90' lang='lat' dir='ltr'><strong>per</strong></span> <span class='ocrx_word' id='word_1_115' title='bbox 1394 2194 1499 2278; x_wconf 58' lang='lat' dir='ltr'><strong>Quas</strong></span> 
     </span>
     <span class='ocr_line' id='line_1_17' title="bbox 262 2307 1498 2396; baseline -0.002 -20"><span class='ocrx_word' id='word_1_116' title='bbox 262 2329 405 2396; x_wconf 86' lang='lat' dir='ltr'><strong>personas</strong></span> <span class='ocrx_word' id='word_1_117' title='bbox 429 2310 649 2380; x_wconf 84' lang='lat' dir='ltr'><strong>ecclesiasticas</strong></span> <span class='ocrx_word' id='word_1_118' title='bbox 672 2309 711 2376; x_wconf 88' lang='lat' dir='ltr'><strong>ad</strong></span> <span class='ocrx_word' id='word_1_119' title='bbox 726 2310 758 2377; x_wconf 92' lang='lat' dir='ltr'><strong>id</strong></span> <span class='ocrx_word' id='word_1_120' title='bbox 773 2311 812 2377; x_wconf 89' lang='lat' dir='ltr'><strong>ab</strong></span> <span class='ocrx_word' id='word_1_121' title='bbox 827 2310 894 2394; x_wconf 90' lang='lat' dir='ltr'><strong>ipso</strong></span> <span class='ocrx_word' id='word_1_122' title='bbox 917 2309 1145 2394; x_wconf 83' lang='lat' dir='ltr'><strong>praedecessore</strong></span> <span class='ocrx_word' id='word_1_123' title='bbox 1159 2309 1350 2394; x_wconf 83' lang='lat' dir='ltr'><strong>deputandas</strong></span> <span class='ocrx_word' id='word_1_124' title='bbox 1365 2307 1498 2395; x_wconf 61' lang='lat' dir='ltr'><strong>exigam</strong></span> 
     </span>
     <span class='ocr_line' id='line_1_18' title="bbox 262 2420 1499 2511; baseline 0.004 -19"><span class='ocrx_word' id='word_1_125' title='bbox 262 2429 292 2493; x_wconf 90' lang='lat' dir='ltr'><strong>et</strong></span> <span class='ocrx_word' id='word_1_126' title='bbox 315 2427 348 2492; x_wconf 91' lang='lat' dir='ltr'><strong>in</strong></span> <span class='ocrx_word' id='word_1_127' title='bbox 370 2420 591 2511; x_wconf 81' lang='lat' dir='ltr'><strong>expeditionem</strong></span> <span class='ocrx_word' id='word_1_128' title='bbox 614 2427 652 2494; x_wconf 90' lang='lat' dir='ltr'><strong>ab</strong></span> <span class='ocrx_word' id='word_1_129' title='bbox 675 2427 742 2511; x_wconf 90' lang='lat' dir='ltr'><strong>ipso</strong></span> <span class='ocrx_word' id='word_1_130' title='bbox 765 2426 941 2494; x_wconf 89' lang='lat' dir='ltr'><strong>institutam</strong></span> <span class='ocrx_word' id='word_1_131' title='bbox 966 2425 1111 2510; x_wconf 83' lang='lat' dir='ltr'><strong>emgandi</strong></span> <span class='ocrx_word' id='word_1_132' title='bbox 1133 2424 1263 2490; x_wconf 86' lang='lat' dir='ltr'><strong>facultas</strong></span> <span class='ocrx_word' id='word_1_133' title='bbox 1286 2425 1499 2497; x_wconf 67' lang='lat' dir='ltr'><strong>wiennam</strong></span> 
     </span>
     <span class='ocr_line' id='line_1_19' title="bbox 262 2536 1500 2628; baseline -0.005 -18"><span class='ocrx_word' id='word_1_134' title='bbox 262 2543 362 2610; x_wconf 88' lang='lat' dir='ltr'><strong>dictus</strong></span> <span class='ocrx_word' id='word_1_135' title='bbox 392 2542 604 2628; x_wconf 83' lang='lat' dir='ltr'><strong>praedeeessor</strong></span> <span class='ocrx_word' id='word_1_136' title='bbox 633 2544 671 2609; x_wconf 95' lang='lat' dir='ltr'><strong>ob</strong></span> <span class='ocrx_word' id='word_1_137' title='bbox 696 2541 942 2627; x_wconf 81' lang='lat' dir='ltr'><strong>magnitudinem</strong></span> <span class='ocrx_word' id='word_1_138' title='bbox 970 2542 1174 2625; x_wconf 88' lang='lat' dir='ltr'><strong>periculemm</strong></span> <span class='ocrx_word' id='word_1_139' title='bbox 1196 2541 1255 2606; x_wconf 87' lang='lat' dir='ltr'><strong>toti</strong></span> <span class='ocrx_word' id='word_1_140' title='bbox 1284 2536 1500 2614; x_wconf 74' lang='lat' dir='ltr'><strong>christianitah</strong></span> 
     </span>
     <span class='ocr_line' id='line_1_20' title="bbox 262 2655 1500 2752; baseline -0.002 -26"><span class='ocrx_word' id='word_1_141' title='bbox 262 2660 386 2726; x_wconf 88' lang='lat' dir='ltr'><strong>amissis</strong></span> <span class='ocrx_word' id='word_1_142' title='bbox 408 2657 559 2744; x_wconf 85' lang='lat' dir='ltr'><strong>Belgrado</strong></span> <span class='ocrx_word' id='word_1_143' title='bbox 588 2657 622 2724; x_wconf 93' lang='lat' dir='ltr'><strong>in</strong></span> <span class='ocrx_word' id='word_1_144' title='bbox 651 2657 825 2752; x_wconf 78' lang='lat' dir='ltr'><strong>Hungmta,</strong></span> <span class='ocrx_word' id='word_1_145' title='bbox 855 2659 887 2725; x_wconf 90' lang='lat' dir='ltr'><strong>ot</strong></span> <span class='ocrx_word' id='word_1_146' title='bbox 914 2656 1020 2724; x_wconf 89' lang='lat' dir='ltr'><strong>Rhodo</strong></span> <span class='ocrx_word' id='word_1_147' title='bbox 1049 2656 1083 2724; x_wconf 91' lang='lat' dir='ltr'><strong>in</strong></span> <span class='ocrx_word' id='word_1_148' title='bbox 1106 2655 1245 2736; x_wconf 80' lang='lat' dir='ltr'><strong>Oriente,</strong></span> <span class='ocrx_word' id='word_1_149' title='bbox 1275 2656 1500 2724; x_wconf 87' lang='lat' dir='ltr'><strong>imminentium</strong></span> 
     </span>
     <span class='ocr_line' id='line_1_21' title="bbox 261 2755 1502 2860; baseline 0 -19"><span class='ocrx_word' id='word_1_150' title='bbox 261 2774 359 2860; x_wconf 89' lang='lat' dir='ltr'><strong>ipsius</strong></span> <span class='ocrx_word' id='word_1_151' title='bbox 382 2755 666 2852; x_wconf 69' lang='lat' dir='ltr'><strong>tirunculum,</strong></span> <span class='ocrx_word' id='word_1_152' title='bbox 689 2791 724 2838; x_wconf 88' lang='lat' dir='ltr'><strong>ac</strong></span> <span class='ocrx_word' id='word_1_153' title='bbox 746 2773 901 2857; x_wconf 89' lang='lat' dir='ltr'><strong>proposito</strong></span> <span class='ocrx_word' id='word_1_154' title='bbox 924 2771 1038 2853; x_wconf 78' lang='lat' dir='ltr'><strong>adesse,</strong></span> <span class='ocrx_word' id='word_1_155' title='bbox 1069 2775 1101 2838; x_wconf 92' lang='lat' dir='ltr'><strong>et</strong></span> <span class='ocrx_word' id='word_1_156' title='bbox 1122 2771 1222 2840; x_wconf 84' lang='lat' dir='ltr'><strong>favere</strong></span> <span class='ocrx_word' id='word_1_157' title='bbox 1244 2773 1361 2852; x_wconf 85' lang='lat' dir='ltr'><strong>volens,</strong></span> <span class='ocrx_word' id='word_1_158' title='bbox 1390 2772 1502 2841; x_wconf 81' lang='lat' dir='ltr'><strong>tertiam</strong></span> 
     </span>
     <span class='ocr_line' id='line_1_22' title="bbox 260 2887 1502 2975; baseline -0.003 -19"><span class='ocrx_word' id='word_1_159' title='bbox 260 2891 380 2975; x_wconf 87' lang='lat' dir='ltr'><strong>partem</strong></span> <span class='ocrx_word' id='word_1_160' title='bbox 401 2889 588 2974; x_wconf 84' lang='lat' dir='ltr'><strong>praedictam</strong></span> <span class='ocrx_word' id='word_1_161' title='bbox 610 2889 771 2969; x_wconf 77' lang='lat' dir='ltr'><strong>fructuum,</strong></span> <span class='ocrx_word' id='word_1_162' title='bbox 794 2888 977 2967; x_wconf 82' lang='lat' dir='ltr'><strong>redditumn,</strong></span> <span class='ocrx_word' id='word_1_163' title='bbox 1000 2889 1032 2955; x_wconf 90' lang='lat' dir='ltr'><strong>et</strong></span> <span class='ocrx_word' id='word_1_164' title='bbox 1045 2891 1246 2973; x_wconf 79' lang='lat' dir='ltr'><strong>proventuum</strong></span> <span class='ocrx_word' id='word_1_165' title='bbox 1269 2887 1502 2958; x_wconf 87' lang='lat' dir='ltr'><strong>ecelesiarumiu</strong></span> 
     </span>
     <span class='ocr_line' id='line_1_23' title="bbox 262 3003 1502 3090; baseline -0.002 -18"><span class='ocrx_word' id='word_1_166' title='bbox 262 3005 459 3072; x_wconf 87' lang='lat' dir='ltr'><strong>archiducatu</strong></span> <span class='ocrx_word' id='word_1_167' title='bbox 480 3005 632 3084; x_wconf 71' lang='lat' dir='ltr'><strong>lunulae,</strong></span> <span class='ocrx_word' id='word_1_168' title='bbox 662 3023 697 3072; x_wconf 89' lang='lat' dir='ltr'><strong>ac</strong></span> <span class='ocrx_word' id='word_1_169' title='bbox 726 3004 872 3072; x_wconf 89' lang='lat' dir='ltr'><strong>dominiis</strong></span> <span class='ocrx_word' id='word_1_170' title='bbox 895 3003 1060 3090; x_wconf 89' lang='lat' dir='ltr'><strong>praedictis</strong></span> <span class='ocrx_word' id='word_1_171' title='bbox 1083 3003 1328 3085; x_wconf 81' lang='lat' dir='ltr'><strong>consistentium</strong></span> <span class='ocrx_word' id='word_1_172' title='bbox 1358 3005 1397 3072; x_wconf 87' lang='lat' dir='ltr'><strong>ad</strong></span> <span class='ocrx_word' id='word_1_173' title='bbox 1419 3023 1502 3072; x_wconf 89' lang='lat' dir='ltr'><strong>uuum</strong></span> 
     </span>
     <span class='ocr_line' id='line_1_24' title="bbox 262 3119 1501 3207; baseline 0.001 -18"><span class='ocrx_word' id='word_1_174' title='bbox 262 3141 378 3189; x_wconf 88' lang='lat' dir='ltr'><strong>annum</strong></span> <span class='ocrx_word' id='word_1_175' title='bbox 387 3121 545 3188; x_wconf 88' lang='lat' dir='ltr'><strong>dumtaxat</strong></span> <span class='ocrx_word' id='word_1_176' title='bbox 560 3139 613 3206; x_wconf 87' lang='lat' dir='ltr'><strong>per</strong></span> <span class='ocrx_word' id='word_1_177' title='bbox 621 3121 825 3190; x_wconf 84' lang='lat' dir='ltr'><strong>uenerabilem</strong></span> <span class='ocrx_word' id='word_1_178' title='bbox 839 3120 965 3189; x_wconf 87' lang='lat' dir='ltr'><strong>tratrem</strong></span> <span class='ocrx_word' id='word_1_179' title='bbox 974 3119 1150 3206; x_wconf 88' lang='lat' dir='ltr'><strong>episcopum</strong></span> <span class='ocrx_word' id='word_1_180' title='bbox 1158 3121 1375 3190; x_wconf 80' lang='lat' dir='ltr'><strong>&#39;itidentinum</strong></span> <span class='ocrx_word' id='word_1_181' title='bbox 1389 3122 1501 3207; x_wconf 77' lang='lat' dir='ltr'><strong>exigam</strong></span> 
     </span>
     <span class='ocr_line' id='line_1_25' title="bbox 262 3235 1502 3322; baseline -0.002 -18"><span class='ocrx_word' id='word_1_182' title='bbox 262 3237 342 3315; x_wconf 80' lang='lat' dir='ltr'><strong>dcm,</strong></span> <span class='ocrx_word' id='word_1_183' title='bbox 365 3238 397 3304; x_wconf 91' lang='lat' dir='ltr'><strong>et</strong></span> <span class='ocrx_word' id='word_1_184' title='bbox 410 3237 444 3304; x_wconf 93' lang='lat' dir='ltr'><strong>in</strong></span> <span class='ocrx_word' id='word_1_185' title='bbox 459 3235 630 3304; x_wconf 86' lang='lat' dir='ltr'><strong>subsidium</strong></span> <span class='ocrx_word' id='word_1_186' title='bbox 644 3235 843 3322; x_wconf 88' lang='lat' dir='ltr'><strong>expeditionis</strong></span> <span class='ocrx_word' id='word_1_187' title='bbox 857 3235 1037 3321; x_wconf 81' lang='lat' dir='ltr'><strong>praedictae,</strong></span> <span class='ocrx_word' id='word_1_188' title='bbox 1060 3237 1092 3303; x_wconf 91' lang='lat' dir='ltr'><strong>et</strong></span> <span class='ocrx_word' id='word_1_189' title='bbox 1106 3255 1168 3304; x_wconf 91' lang='lat' dir='ltr'><strong>non</strong></span> <span class='ocrx_word' id='word_1_190' title='bbox 1181 3237 1216 3304; x_wconf 93' lang='lat' dir='ltr'><strong>in</strong></span> <span class='ocrx_word' id='word_1_191' title='bbox 1230 3236 1307 3303; x_wconf 91' lang='lat' dir='ltr'><strong>alios</strong></span> <span class='ocrx_word' id='word_1_192' title='bbox 1322 3257 1398 3304; x_wconf 87' lang='lat' dir='ltr'><strong>usus</strong></span> <span class='ocrx_word' id='word_1_193' title='bbox 1412 3235 1502 3322; x_wconf 87' lang='lat' dir='ltr'><strong>appli-</strong></span> 
     </span>
     <span class='ocr_line' id='line_1_26' title="bbox 262 3352 1506 3439; baseline -0.001 -19"><span class='ocrx_word' id='word_1_194' title='bbox 262 3353 400 3432; x_wconf 87' lang='lat' dir='ltr'><strong>candam,</strong></span> <span class='ocrx_word' id='word_1_195' title='bbox 422 3353 559 3438; x_wconf 89' lang='lat' dir='ltr'><strong>ipsomm</strong></span> <span class='ocrx_word' id='word_1_196' title='bbox 573 3353 735 3433; x_wconf 79' lang='lat' dir='ltr'><strong>fructuum</strong></span> <span class='ocrx_word' id='word_1_197' title='bbox 752 3352 934 3433; x_wconf 77' lang='lat' dir='ltr'><strong>reddituum.</strong></span> <span class='ocrx_word' id='word_1_198' title='bbox 957 3353 989 3419; x_wconf 93' lang='lat' dir='ltr'><strong>et</strong></span> <span class='ocrx_word' id='word_1_199' title='bbox 1003 3354 1205 3439; x_wconf 82' lang='lat' dir='ltr'><strong>proventuum</strong></span> <span class='ocrx_word' id='word_1_200' title='bbox 1218 3353 1445 3438; x_wconf 86' lang='lat' dir='ltr'><strong>possessoribus</strong></span> <span class='ocrx_word' id='word_1_201' title='bbox 1458 3369 1506 3436; x_wconf 76' lang='lat' dir='ltr'><strong>per</strong></span> 
     </span>
     <span class='ocr_line' id='line_1_27' title="bbox 262 3467 1503 3554; baseline -0.002 -17"><span class='ocrx_word' id='word_1_202' title='bbox 262 3469 411 3554; x_wconf 85' lang='lat' dir='ltr'><strong>quasdam</strong></span> <span class='ocrx_word' id='word_1_203' title='bbox 433 3469 626 3554; x_wconf 91' lang='lat' dir='ltr'><strong>imposuerat.</strong></span> <span class='ocrx_word' id='word_1_204' title='bbox 673 3467 751 3536; x_wconf 77' lang='lat' dir='ltr'><strong>(tum</strong></span> <span class='ocrx_word' id='word_1_205' title='bbox 773 3468 873 3535; x_wconf 90' lang='lat' dir='ltr'><strong>dictus</strong></span> <span class='ocrx_word' id='word_1_206' title='bbox 895 3467 1105 3536; x_wconf 73' lang='lat' dir='ltr'><strong>Perdinaudus</strong></span> <span class='ocrx_word' id='word_1_207' title='bbox 1134 3467 1279 3535; x_wconf 87' lang='lat' dir='ltr'><strong>archidux</strong></span> <span class='ocrx_word' id='word_1_208' title='bbox 1301 3467 1403 3536; x_wconf 87' lang='lat' dir='ltr'><strong>eidem</strong></span> <span class='ocrx_word' id='word_1_209' title='bbox 1423 3486 1503 3554; x_wconf 78' lang='lat' dir='ltr'><strong>prae</strong></span> 
     </span>
     <span class='ocr_line' id='line_1_28' title="bbox 262 3583 1506 3670; baseline -0.001 -17"><span class='ocrx_word' id='word_1_210' title='bbox 262 3585 413 3654; x_wconf 90' lang='lat' dir='ltr'><strong>decessori</strong></span> <span class='ocrx_word' id='word_1_211' title='bbox 434 3604 488 3670; x_wconf 90' lang='lat' dir='ltr'><strong>pro</strong></span> <span class='ocrx_word' id='word_1_212' title='bbox 511 3584 684 3652; x_wconf 83' lang='lat' dir='ltr'><strong>extensime</strong></span> <span class='ocrx_word' id='word_1_213' title='bbox 706 3584 805 3651; x_wconf 88' lang='lat' dir='ltr'><strong>dictae</strong></span> <span class='ocrx_word' id='word_1_214' title='bbox 827 3583 1034 3670; x_wconf 88' lang='lat' dir='ltr'><strong>impositionis</strong></span> <span class='ocrx_word' id='word_1_215' title='bbox 1056 3584 1096 3651; x_wconf 85' lang='lat' dir='ltr'><strong>ad</strong></span> <span class='ocrx_word' id='word_1_216' title='bbox 1118 3584 1181 3651; x_wconf 88' lang='lat' dir='ltr'><strong>alia</strong></span> <span class='ocrx_word' id='word_1_217' title='bbox 1202 3583 1354 3669; x_wconf 88' lang='lat' dir='ltr'><strong>quaedam</strong></span> <span class='ocrx_word' id='word_1_218' title='bbox 1380 3583 1506 3652; x_wconf 82' lang='lat' dir='ltr'><strong>dominia</strong></span> 
     </span>
     <span class='ocr_line' id='line_1_29' title="bbox 263 3699 1507 3786; baseline 0.003 -17"><span class='ocrx_word' id='word_1_219' title='bbox 263 3703 360 3770; x_wconf 85' lang='lat' dir='ltr'><strong>aleco</strong></span> <span class='ocrx_word' id='word_1_220' title='bbox 375 3701 457 3768; x_wconf 88' lang='lat' dir='ltr'><strong>dicto</strong></span> <span class='ocrx_word' id='word_1_221' title='bbox 472 3699 689 3781; x_wconf 78' lang='lat' dir='ltr'><strong>archiducatui</strong></span> <span class='ocrx_word' id='word_1_222' title='bbox 712 3701 743 3767; x_wconf 88' lang='lat' dir='ltr'><strong>et</strong></span> <span class='ocrx_word' id='word_1_223' title='bbox 759 3700 830 3768; x_wconf 84' lang='lat' dir='ltr'><strong>aliis</strong></span> <span class='ocrx_word' id='word_1_224' title='bbox 844 3700 942 3786; x_wconf 88' lang='lat' dir='ltr'><strong>ipsias</strong></span> <span class='ocrx_word' id='word_1_225' title='bbox 958 3699 1150 3780; x_wconf 78' lang='lat' dir='ltr'><strong>Ilerdinandi,</strong></span> <span class='ocrx_word' id='word_1_226' title='bbox 1172 3699 1285 3767; x_wconf 87' lang='lat' dir='ltr'><strong>vicinia</strong></span> <span class='ocrx_word' id='word_1_227' title='bbox 1303 3699 1507 3786; x_wconf 68' lang='lat' dir='ltr'><strong>supplicasset</strong></span> 
     </span>
     <span class='ocr_line' id='line_1_30' title="bbox 263 3815 1507 3902; baseline -0.006 -17"><span class='ocrx_word' id='word_1_228' title='bbox 263 3819 295 3885; x_wconf 91' lang='lat' dir='ltr'><strong>ot</strong></span> <span class='ocrx_word' id='word_1_229' title='bbox 315 3816 493 3884; x_wconf 91' lang='lat' dir='ltr'><strong>huiusmodi</strong></span> <span class='ocrx_word' id='word_1_230' title='bbox 507 3817 641 3884; x_wconf 89' lang='lat' dir='ltr'><strong>extensio</strong></span> <span class='ocrx_word' id='word_1_231' title='bbox 664 3818 824 3901; x_wconf 88' lang='lat' dir='ltr'><strong>utramque</strong></span> <span class='ocrx_word' id='word_1_232' title='bbox 839 3817 1004 3884; x_wconf 84' lang='lat' dir='ltr'><strong>Bauariam</strong></span> <span class='ocrx_word' id='word_1_233' title='bbox 1027 3815 1278 3902; x_wconf 89' lang='lat' dir='ltr'><strong>comprehendere</strong></span> <span class='ocrx_word' id='word_1_234' title='bbox 1295 3816 1455 3894; x_wconf 81' lang='lat' dir='ltr'><strong>videretm,</strong></span> <span class='ocrx_word' id='word_1_235' title='bbox 1476 3832 1507 3878; x_wconf 88' lang='lat' dir='ltr'><strong>ac</strong></span> 
     </span>
     <span class='ocr_line' id='line_1_31' title="bbox 262 3931 1510 4018; baseline -0.002 -18"><span class='ocrx_word' id='word_1_236' title='bbox 262 3933 344 4002; x_wconf 81' lang='lat' dir='ltr'><strong>idem</strong></span> <span class='ocrx_word' id='word_1_237' title='bbox 374 3931 584 4001; x_wconf 79' lang='lat' dir='ltr'><strong>Fertinundus</strong></span> <span class='ocrx_word' id='word_1_238' title='bbox 613 3933 736 3999; x_wconf 90' lang='lat' dir='ltr'><strong>nomine</strong></span> <span class='ocrx_word' id='word_1_239' title='bbox 765 3935 865 4000; x_wconf 84' lang='lat' dir='ltr'><strong>rostro</strong></span> <span class='ocrx_word' id='word_1_240' title='bbox 895 3932 975 4018; x_wconf 88' lang='lat' dir='ltr'><strong>apud</strong></span> <span class='ocrx_word' id='word_1_241' title='bbox 1004 3933 1107 4018; x_wconf 90' lang='lat' dir='ltr'><strong>ipsum</strong></span> <span class='ocrx_word' id='word_1_242' title='bbox 1136 3931 1398 4017; x_wconf 88' lang='lat' dir='ltr'><strong>praedecessorem</strong></span> <span class='ocrx_word' id='word_1_243' title='bbox 1427 3949 1510 4016; x_wconf 87' lang='lat' dir='ltr'><strong>super</strong></span> 
     </span>
     <span class='ocr_line' id='line_1_32' title="bbox 208 4043 1509 4134; baseline -0.002 -18"><span class='ocrx_word' id='word_1_244' title='bbox 208 4043 210 4048; x_wconf 73' lang='grc'>’</span> <span class='ocrx_word' id='word_1_245' title='bbox 263 4048 440 4117; x_wconf 87' lang='lat' dir='ltr'><strong>huiusmodi</strong></span> <span class='ocrx_word' id='word_1_246' title='bbox 467 4046 663 4134; x_wconf 90' lang='lat' dir='ltr'><strong>impositione</strong></span> <span class='ocrx_word' id='word_1_247' title='bbox 690 4049 724 4115; x_wconf 90' lang='lat' dir='ltr'><strong>in</strong></span> <span class='ocrx_word' id='word_1_248' title='bbox 753 4049 865 4116; x_wconf 89' lang='lat' dir='ltr'><strong>ducatu</strong></span> <span class='ocrx_word' id='word_1_249' title='bbox 886 4049 987 4116; x_wconf 85' lang='lat' dir='ltr'><strong>vestro</strong></span> <span class='ocrx_word' id='word_1_250' title='bbox 1016 4047 1204 4116; x_wconf 89' lang='lat' dir='ltr'><strong>concedenda</strong></span> <span class='ocrx_word' id='word_1_251' title='bbox 1232 4065 1286 4133; x_wconf 89' lang='lat' dir='ltr'><strong>per</strong></span> <span class='ocrx_word' id='word_1_252' title='bbox 1309 4066 1382 4114; x_wconf 88' lang='lat' dir='ltr'><strong>suas</strong></span> <span class='ocrx_word' id='word_1_253' title='bbox 1410 4048 1509 4114; x_wconf 79' lang='lat' dir='ltr'><strong>literas</strong></span> 
     </span>
    </p>
   </div>
   <div class='ocr_carea' id='block_1_5' title="bbox 164 4161 1510 4249">
    <p class='ocr_par' dir='ltr' id='par_1_5' title="bbox 164 4161 1510 4249">
     <span class='ocr_line' id='line_1_33' title="bbox 164 4161 1510 4249; baseline -0.002 -17"><span class='ocrx_word' id='word_1_254' title='bbox 164 4187 167 4195; x_wconf 95' lang='lat'><em>·</em></span> <span class='ocrx_word' id='word_1_255' title='bbox 263 4164 498 4249; x_wconf 87' lang='lat' dir='ltr'><strong>interpellasset,</strong></span> <span class='ocrx_word' id='word_1_256' title='bbox 526 4163 681 4248; x_wconf 86' lang='lat' dir='ltr'><strong>praefatus</strong></span> <span class='ocrx_word' id='word_1_257' title='bbox 710 4163 921 4248; x_wconf 90' lang='lat' dir='ltr'><strong>praedecessor</strong></span> <span class='ocrx_word' id='word_1_258' title='bbox 949 4163 1044 4230; x_wconf 88' lang='lat' dir='ltr'><strong>otiam</strong></span> <span class='ocrx_word' id='word_1_259' title='bbox 1067 4182 1102 4229; x_wconf 90' lang='lat' dir='ltr'><strong>ex</strong></span> <span class='ocrx_word' id='word_1_260' title='bbox 1124 4163 1225 4230; x_wconf 85' lang='lat' dir='ltr'><strong>causis</strong></span> <span class='ocrx_word' id='word_1_261' title='bbox 1254 4164 1329 4230; x_wconf 90' lang='lat' dir='ltr'><strong>tunc</strong></span> <span class='ocrx_word' id='word_1_262' title='bbox 1358 4161 1510 4248; x_wconf 77' lang='lat' dir='ltr'><strong>expressis,</strong></span> 
     </span>
    </p>
   </div>
   <div class='ocr_carea' id='block_1_6' title="bbox 263 4250 1512 4479">
    <p class='ocr_par' dir='ltr' id='par_1_6' title="bbox 263 4250 1512 4479">
     <span class='ocr_line' id='line_1_34' title="bbox 263 4250 1509 4364; baseline -0.002 -17"><span class='ocrx_word' id='word_1_263' title='bbox 263 4279 349 4347; x_wconf 91' lang='lat' dir='ltr'><strong>motu</strong></span> <span class='ocrx_word' id='word_1_264' title='bbox 370 4279 499 4364; x_wconf 84' lang='lat' dir='ltr'><strong>proprio,</strong></span> <span class='ocrx_word' id='word_1_265' title='bbox 522 4280 610 4346; x_wconf 89' lang='lat' dir='ltr'><strong>etex</strong></span> <span class='ocrx_word' id='word_1_266' title='bbox 632 4281 714 4346; x_wconf 83' lang='lat' dir='ltr'><strong>certa</strong></span> <span class='ocrx_word' id='word_1_267' title='bbox 737 4279 872 4360; x_wconf 71' lang='lat' dir='ltr'><strong>mentia</strong></span> <span class='ocrx_word' id='word_1_268' title='bbox 895 4297 931 4346; x_wconf 85' lang='lat' dir='ltr'><strong>ae</strong></span> <span class='ocrx_word' id='word_1_269' title='bbox 952 4277 990 4345; x_wconf 89' lang='lat' dir='ltr'><strong>de</strong></span> <span class='ocrx_word' id='word_1_270' title='bbox 1011 4279 1195 4364; x_wconf 88' lang='lat' dir='ltr'><strong>apostolicae</strong></span> <span class='ocrx_word' id='word_1_271' title='bbox 1223 4250 1387 4364; x_wconf 76' lang='lat' dir='ltr'><strong>pdtestatis</strong></span> <span class='ocrx_word' id='word_1_272' title='bbox 1413 4275 1509 4364; x_wconf 86' lang='lat' dir='ltr'><strong>pleni·</strong></span> 
     </span>
     <span class='ocr_line' id='line_1_35' title="bbox 266 4391 1512 4479; baseline -0.002 -18"><span class='ocrx_word' id='word_1_273' title='bbox 266 4392 380 4473; x_wconf 83' lang='lat' dir='ltr'><strong>tudine,</strong></span> <span class='ocrx_word' id='word_1_274' title='bbox 403 4414 456 4479; x_wconf 88' lang='lat' dir='ltr'><strong>per</strong></span> <span class='ocrx_word' id='word_1_275' title='bbox 471 4395 549 4460; x_wconf 90' lang='lat' dir='ltr'><strong>alias</strong></span> <span class='ocrx_word' id='word_1_276' title='bbox 573 4413 643 4460; x_wconf 90' lang='lat' dir='ltr'><strong>suas</strong></span> <span class='ocrx_word' id='word_1_277' title='bbox 665 4395 771 4461; x_wconf 88' lang='lat' dir='ltr'><strong>literas</strong></span> <span class='ocrx_word' id='word_1_278' title='bbox 786 4395 926 4479; x_wconf 85' lang='lat' dir='ltr'><strong>quintam</strong></span> <span class='ocrx_word' id='word_1_279' title='bbox 948 4396 1066 4479; x_wconf 85' lang='lat' dir='ltr'><strong>partem</strong></span> <span class='ocrx_word' id='word_1_280' title='bbox 1084 4392 1223 4462; x_wconf 90' lang='lat' dir='ltr'><strong>omnium</strong></span> <span class='ocrx_word' id='word_1_281' title='bbox 1245 4393 1401 4461; x_wconf 83' lang='lat' dir='ltr'><strong>fructuum</strong></span> <span class='ocrx_word' id='word_1_282' title='bbox 1422 4391 1512 4460; x_wconf 89' lang='lat' dir='ltr'><strong>stiam</strong></span> 
     </span>
    </p>
   </div>
   <div class='ocr_carea' id='block_1_7' title="bbox 0 0 1577 4900">
    <p class='ocr_par' dir='ltr' id='par_1_7' title="bbox 0 0 1577 4900">
     <span class='ocr_line' id='line_1_36' title="bbox 0 0 1577 4900; baseline 0 0"><span class='ocrx_word' id='word_1_283' title='bbox 0 0 1577 4900; x_wconf 95' lang='lat' dir='ltr'><strong> </strong></span> 
     </span>
    </p>
   </div>
  </div>
 </body>
</html>
