3258 4904
793 331 1040 404 ..453-

289 529 452 614 antequam
481 528 658 597 deveniatnr
687 529 926 614 adpetitionem
956 532 1149 599 collationem
1173 532 1237 599 sive
1266 531 1529 618 transumptionem

289 645 473 712 assertorum
496 645 609 711 iurium
625 646 820 713 sanctitatem
843 646 871 713 d.
887 667 916 714 u.
931 667 985 732 por
999 647 1153 732 prefatum
1175 647 1204 714 d
1220 648 1463 715 commissarium
1477 647 1528 712 sibi

289 763 416 840 decerni,
445 764 477 829 et
498 761 615 845 imponi
636 763 668 828 et
690 761 756 827 dari
779 761 898 846 copiam
927 763 1065 830 omnium
1093 764 1124 830 et
1152 782 1411 848 quorumcumque
1439 781 1526 829 assor·

290 879 391 946 torum
413 877 526 944 iuriam
548 877 714 961 petitorum
728 877 980 945 insinuandorum
1003 881 1035 945 et
1049 879 1356 947 transmittendomm
1379 883 1414 946 ut
1430 879 1527 945 dicitur

289 995 322 1060 in
337 995 478 1079 Auguste
493 993 665 1060 maiestatis
680 1011 850 1072 caesaream
874 995 952 1061 alias
966 996 1152 1080 protestatus
1167 996 1235 1076 fuit
1257 998 1289 1063 et
1303 996 1483 1080 protestetur
1496 994 1528 1058 de

290 1111 432 1178 nullitate
460 1110 598 1178 omnium
628 1108 813 1194 agendorum
836 1110 869 1176 in
892 1111 1050 1194 premissis
1080 1114 1111 1178 et
1133 1112 1213 1177 circa
1241 1113 1401 1196 premissa
1430 1115 1460 1178 et
1479 1111 1527 1176 hoc

292 1226 376 1294 omni
398 1225 519 1294 meliori
540 1225 630 1292 modo
653 1226 708 1292 eto.
754 1225 819 1294 Neo
841 1244 903 1295 non
924 1228 1046 1295 instetit
1068 1228 1148 1313 elegi
1170 1229 1202 1294 et
1224 1227 1364 1312 deputari
1384 1226 1526 1307 horaain

289 1343 399 1428 quibus
422 1345 453 1410 et
475 1341 555 1409 inter
578 1361 653 1427 quas
676 1361 847 1426 comparere
869 1344 968 1427 possit
990 1344 1029 1410 ed
1051 1346 1137 1410 actus
1161 1344 1348 1410 successivos
1369 1341 1527 1411 tiendosin

287 1460 422 1544 presenti
443 1477 535 1525 causa
556 1457 703 1542 petiitque
725 1458 858 1525 revocari
881 1459 1033 1526 aedictum
1062 1460 1241 1544 impositum
1264 1460 1298 1526 in
1322 1479 1354 1528 se
1382 1459 1526 1526 continens

287 1576 354 1660 ipso
376 1575 441 1642 iure
463 1576 494 1641 et
508 1575 695 1659 protestatus
710 1573 770 1641 fuit
791 1575 897 1642 haberi
920 1594 974 1659 pro
990 1575 1147 1656 revocatis,
1169 1575 1322 1660 elegitque
1343 1575 1408 1660 ipse
1422 1573 1449 1640 d
1463 1593 1524 1658 pro·

288 1694 407 1759 curator
429 1710 483 1776 pro
505 1691 570 1758 eins
593 1688 748 1757 domicilio
762 1690 931 1776 hospitium
954 1691 1075 1758 ensium
1097 1691 1233 1776 positum
1254 1690 1287 1759 in
1306 1691 1436 1776 presenti
1457 1688 1524 1754 ciri-

287 1809 359 1888 tate,
382 1807 416 1874 in
439 1826 498 1892 qua
513 1806 602 1873 citari
623 1805 721 1891 possit
735 1805 774 1872 ad
797 1809 883 1872 actus
906 1807 1092 1874 successivos
1108 1807 1223 1874 flendos
1245 1807 1327 1874 circa
1346 1807 1525 1874 collationem

287 1924 462 2008 predictam.
485 1924 584 1990 Tener
606 1922 743 1988 mandati
766 1923 894 2007 predicti
917 1923 1060 2008 sequitur

377 2041 522 2107 Pmsente
544 2058 567 2104 r.
591 2038 623 2104 in
646 2036 768 2105 Christo
795 2041 883 2123 patre
905 2039 1028 2106 domino
1050 2039 1169 2106 Joanue
1191 2039 1282 2106 Petro
1305 2041 1439 2106 Ferretta
1460 2056 1524 2124 pro·

287 2157 424 2222 curatore
448 2175 471 2222 s.
494 2155 522 2223 d
546 2176 575 2221 n.
598 2156 629 2220 at
658 2154 723 2220 eins
754 2152 882 2220 Sanctae
905 2153 992 2222 Sedis
1023 2155 1207 2241 apostolieae
1235 2158 1326 2239 prout
1355 2157 1473 2240 apparet
1492 2152 1524 2218 de

288 2271 353 2340 eius
376 2271 521 2338 mandato
536 2269 569 2336 in
584 2270 662 2336 uotis
685 2269 747 2336 mei
761 2271 873 2337 notarii
896 2270 1050 2355 producto,
1073 2273 1105 2336 et
1126 2270 1164 2338 de
1179 2289 1256 2338 novo
1271 2271 1367 2338 etiarn
1388 2273 1524 2354 quatenus

287 2406 361 2471 opus
385 2386 428 2453 sit
442 2386 658 2471 reproducente
673 2384 832 2452 actualiter
846 2385 1039 2471 prodictaquo
1061 2405 1114 2470 per
1129 2385 1299 2471 predictum
1314 2388 1523 2470 procuratorem

286 2501 331 2568 ill.
355 2500 383 2567 d.
398 2500 550 2586 Alphonsi
572 2503 603 2567 et
626 2502 801 2584 acceptante
822 2503 856 2567 in
870 2503 965 2586 parte,
988 2501 1020 2567 et
1034 2502 1174 2585 partibus
1197 2501 1328 2568 faciente
1349 2505 1380 2568 et
1394 2499 1521 2566 facienti·

286 2619 343 2684 bus
366 2636 420 2700 pro
436 2616 517 2684 dioto
541 2636 564 2683 s.
580 2616 703 2683 domino
718 2619 823 2685 nostro
846 2620 902 2684 etc.
933 2617 972 2683 ln
994 2618 1122 2684 caeteris
1138 2635 1208 2684 vero
1230 2617 1411 2685 facientibus
1429 2617 1520 2682 contra

287 2733 426 2809 minima
441 2733 538 2799 immo
552 2731 589 2798 de
603 2733 746 2799 nullitate
761 2735 949 2817 protestante
964 2733 1181 2818 inherenteque
1190 2733 1332 2799 omnibus
1348 2753 1434 2817 supra
1443 2730 1520 2796 ecus

286 2867 385 2915 coram
409 2847 545 2933 predicto
568 2849 731 2932 magnifico
754 2848 877 2916 domino
901 2849 1112 2916 commissario
1135 2849 1314 2933 dicenteque
1336 2849 1457 2915 minime
1476 2864 1518 2910 re-

285 2965 385 3030 vocari
408 2962 515 3031 debere
538 2963 614 3030 dicti
638 2963 683 3030 ill.
707 2963 735 3030 d.
759 2965 950 3031 coutumacia
972 2966 1215 3060 protestantiqne
1230 2967 1286 3032 etc
1311 2965 1394 3032 omni
1416 2961 1517 3029 meliori

285 3079 375 3147 modo
398 3082 429 3147 et
452 3079 548 3145 salsis
571 3098 689 3164 semper
712 3079 852 3163 exceptis.
1010 3061 1015 3084 ‘

374 3197 577 3280 Prosenteque
599 3195 680 3262 dicto
703 3196 730 3262 d.
747 3194 875 3262 Nicolao
898 3198 929 3262 et
951 3195 1096 3280 predictis
1120 3212 1180 3261 non
1196 3197 1403 3264 consentiente
1423 3191 1515 3260 nisiin

285 3315 370 3396 parte
392 3313 424 3378 et
437 3312 576 3396 partibus
592 3311 769 3396 dicenteque
784 3331 845 3379 non
860 3311 1055 3379 obstantibus
1070 3311 1214 3395 predictis
1230 3309 1446 3379 deveniendum
1461 3323 1514 3374 esso

285 3427 323 3493 ad
345 3429 443 3512 petita
464 3444 519 3510 per
540 3428 651 3511 ipsum.

373 3543 519 3632 Preseme
541 3541 623 3609 dioto
645 3562 669 3609 r.
692 3541 720 3609 d.
743 3545 936 3626 procuratore
965 3545 996 3610 et
1018 3541 1163 3628 predictis
1186 3561 1240 3627 per
1262 3561 1333 3609 eum
1356 3539 1512 3627 proestare

282 3658 439 3725 inherente
474 3661 654 3742 petenteque
685 3657 802 3724 moneri
837 3657 953 3724 dictum
982 3658 1061 3725 dom.
1091 3661 1317 3742 procuratorem
1346 3657 1391 3725 ill
1417 3647 1513 3722 domui

284 3773 435 3858 Alphonsi
458 3792 512 3857 pro
535 3773 585 3840 die
608 3772 740 3840 crastina
763 3773 800 3840 de
822 3793 912 3841 mane
934 3774 1008 3840 lrora
1030 3772 1093 3839 xiii.

374 3887 435 3969 Qui
455 3890 639 3974 magnificus
662 3888 689 3955 d
713 3890 848 3974 potestas
878 3893 910 3956 et
932 3889 1161 3957 commissarius
1181 3887 1298 3954 ¹sedens
1321 3890 1377 3956 eto.
1399 3882 1513 3972 predico

284 4005 412 4073 admisit
435 4005 462 4070 si
484 4007 516 4072 et
538 4005 571 4071 in
593 4006 750 4089 quantum,
780 4007 812 4071 et
834 4005 955 4072 monuit
977 4003 1076 4072 dictos
1098 4003 1127 4070 d.
1149 4007 1360 4088 procuratores
1380 3999 1513 4087 presente

284 4140 338 4205 pro
360 4120 410 4186 die
432 4120 566 4188 crastina
588 4119 721 4204 quaerit
742 4139 807 4186 xnr.
824 4119 974 4204 presentis
997 4118 1113 4187 mensis
1136 4118 1175 4185 ad
1198 4118 1437 4186 interessendum
1457 4129 1512 4198 pre·

283 4235 375 4303 dictis
398 4235 673 4302 auscultationibus
697 4238 728 4302 et
752 4236 1050 4320 transumptionibus
1073 4232 1158 4302 omni
1179 4233 1300 4300 meliori
1322 4232 1410 4300 modo
1431 4232 1478 4296 eto.

372 4352 517 4418 Prosente
539 4349 711 4417 dNicolao
735 4353 925 4435 procuratore
948 4351 1077 4435 predicti
1101 4350 1146 4418 ill.
1162 4349 1280 4418 domini
1303 4348 1389 4416 ducis
1409 4349 1438 4413 et
1456 4359 1511 4428 pre·

283 4463 376 4528 dictis
399 4482 459 4529 non
481 4465 687 4531 consentiente
709 4467 765 4531 etc.
