3128 4908
785 305 1028 376 -250-

279 521 314 568 eo
336 501 446 568 solutis
461 500 752 588 tranquillitatisque
773 502 913 588 publicae
934 503 1160 588 cogitationem,
1182 504 1214 572 in
1231 524 1289 590 quo
1311 524 1362 573 nos
1376 504 1494 572 serentes

280 639 334 684 sun
355 618 500 684 habiture
529 619 578 684 est
600 638 718 702 semper
746 619 1019 686 coniunctissimos.
1065 619 1152 701 Quod
1181 621 1272 686 illum
1302 621 1436 687 factunm
1454 639 1495 702 pro

279 754 334 799 sue
357 734 559 818 temperantia
581 735 677 801 enimi
700 738 731 801 et
753 735 865 802 virtute
892 735 1080 802 confidimus.
1126 737 1242 802 Datum
1265 738 1375 804 Romen
1394 738 1440 802 etc
1459 734 1496 799 lio

280 849 341 916 viii.
364 849 505 916 Jauuerii
528 849 570 936 (ἓ)
595 851 737 918 mlxxvii.
783 853 871 920 Anno
895 853 1009 937 quarte.

324 1160 328 1171 1
367 1083 491 1152 Juliano
513 1083 595 1150 Leno
617 1087 649 1150 et
671 1084 804 1150 Maximo
828 1083 931 1163 Grato,
954 1083 1182 1152 commissoriis.
1206 1123 1249 1132 -
1273 1085 1370 1152 Detur
1396 1083 1498 1150 benitas

278 1203 310 1267 et
336 1200 517 1300 mandatum
546 1199 741 1284 comparandi
770 1200 957 1267 frumentum
987 1203 1018 1266 et
1046 1202 1180 1266 coeteras
1210 1201 1315 1286 fruges
1346 1200 1498 1266 elusim

280 1317 426 1384 exercitus
449 1316 599 1401 pontificii
620 1317 806 1383 necessarias
829 1338 865 1383 ox
887 1315 1006 1402 oppidis
1029 1335 1064 1381 ec
1084 1316 1161 1383 locis
1176 1316 1393 1384 Velitreusium
1407 1313 1498 1382 etPri-

279 1434 448 1510 vernetum,
471 1433 601 1517 aliisque
622 1432 656 1500 in
678 1433 788 1517 quibus
808 1453 915 1500 earnm
931 1433 1019 1518 copie
1042 1432 1130 1500 adsit
1154 1469 1198 1481 -
1220 1433 1337 1500 Datum
1352 1433 1453 1500 Romae
1464 1428 1501 1493 lie

278 1548 334 1616 iiii.
356 1548 464 1616 Martii
485 1548 627 1616 mlxxvii.
672 1551 761 1616 Anno
784 1551 899 1634 quarto.

871 1748 944 1816 188.

788 1888 921 1960 Legato
947 1880 1028 1962 (otc).

367 2013 486 2082 Dilecto
508 2013 554 2082 tili
576 2015 686 2082 noster.
733 2014 777 2082 Ut
799 2015 853 2080 tus
875 2013 973 2080 sutus
1002 2015 1034 2082 et
1056 2012 1178 2081 enimus
1206 2013 1241 2080 iu
1263 2017 1401 2080 sanctem
1422 2027 1500 2078 mur·

278 2151 351 2200 uam
374 2130 541 2210 ecelesiam,
563 2131 649 2198 culus
672 2131 871 2198 honorificum
893 2149 927 2196 es
949 2131 1131 2207 membrum,
1153 2129 1295 2214 egregius
1318 2131 1351 2193 et
1372 2129 1503 2211 praeno

278 2248 445 2332 perfectum
467 2263 542 2332 opus
564 2245 678 2314 officiet
706 2263 820 2330 nosque
843 2245 902 2312 tibi
922 2246 956 2313 iu
978 2245 1043 2312 dies
1066 2245 1232 2312 maioribus
1256 2243 1367 2310 officiis
1389 2237 1502 2308 obstricti

278 2364 385 2441 umus,
413 2363 547 2446 petimus
569 2381 588 2428 a
616 2361 883 2446 circomspectione
911 2363 966 2428 tua
987 2364 1113 2446 paterno
1136 2360 1236 2426 studio
1266 2361 1302 2425 ut
1324 2379 1400 2443 quae
1421 2357 1463 2422 dil
1481 2353 1503 2416 i.

277 2479 434 2546 Jobeunes
450 2479 487 2544 de
501 2479 533 2545 le
548 2477 637 2546 Stuln
659 2477 773 2544 nostris
788 2478 889 2544 verbis
910 2479 1013 2544 tecum
1030 2477 1136 2561 egerit,
1159 2476 1252 2542 ineis
1268 2476 1322 2542 des
1337 2479 1369 2541 te
1384 2475 1504 2542 libentem

278 2595 310 2662 et
331 2595 514 2678 promptum,
536 2609 694 2678 quoquae
716 2595 820 2662 sancte
842 2595 874 2660 et
896 2593 1014 2660 utiliter
1031 2593 1153 2675 incepto
1175 2593 1248 2658 sunt
1269 2611 1326 2675 per
1348 2595 1379 2657 te
1399 2585 1503 2674 potissi·

278 2729 364 2778 mum
387 2709 605 2793 trensigentur.
650 2709 688 2776 ln
710 2727 769 2793 quo
791 2708 880 2775 nobis
909 2709 962 2792 qui
984 2711 1054 2774 tune
1077 2725 1222 2791 personae
1246 2725 1400 2772 summam
1421 2720 1503 2770 eumn

276 2826 425 2894 hebemus
447 2843 511 2892 rem
525 2824 737 2908 gratissimam
759 2826 791 2892 et
804 2825 1032 2908 optatissimam
1054 2841 1087 2889 es
1101 2823 1245 2890 factumn.
1284 2822 1400 2888 Datum
1414 2820 1505 2886 Bonae

277 2943 333 3010 eto.
355 2939 404 3008 (lie
426 2961 472 3006 xv.
495 2939 602 3006 Martii
623 2940 766 3007 mdrrvii
812 2941 901 3008 Auno
924 2941 1039 3024 questo.

861 3138 933 3204 189.

710 3277 903 3338 Laurentio
926 3276 972 3336 de
995 3275 1093 3334 Cere.
1157 3323 1164 3340 .

367 3405 484 3472 Dilecto
506 3404 561 3472 fili.
608 3404 665 3470 Pro
687 3423 722 3471 eo
745 3423 847 3472 amore
869 3423 928 3488 quo
951 3405 981 3472 te
1009 3402 1240 3486 complectimur
1264 3399 1413 3483 singulari
1432 3413 1507 3480 oeque

277 3522 337 3588 file
358 3539 450 3605 quem
472 3521 506 3586 iu
528 3521 582 3586 tua
605 3519 718 3588 virtute
740 3519 922 3604 reponimus,
938 3503 1022 3585 ‘cum
1045 3518 1160 3601 optime
1182 3516 1356 3583 novennes
1379 3518 1409 3582 te
1430 3513 1464 3580 ad
1483 3527 1507 3576 oe

277 3636 380 3704 omnia
401 3653 478 3721 quae
500 3636 614 3702 bonum
636 3635 793 3720 publicum
815 3634 847 3703 et
867 3635 1005 3700 nostram
1029 3651 1063 3700 ao
1080 3635 1203 3699 sanctae
1221 3631 1313 3697 buius
1336 3630 1417 3698 selis
1437 3626 1507 3693 utili·

276 3755 373 3820 tabem
394 3751 551 3818 continent
580 3753 755 3836 promptum
784 3751 985 3834 paratumque
1007 3749 1152 3826 futurum,
1182 3746 1394 3812 commisimus
1415 3745 1462 3810 dil.
1482 3741 1507 3806 ir.

278 3869 381 3936 nostro
403 3867 576 3952 Augustino
598 3867 646 3933 tit
670 3863 721 3932 ss·
739 3864 868 3932 Adriani
891 3861 921 3930 S.
936 3865 972 3932 n
989 3865 1022 3930 ll.
1044 3863 1169 3932 diacum
1192 3860 1290 3928 cornu
1308 3859 1346 3926 (le
1368 3855 1508 3926 Trimltiis

277 3985 382 4052 nostro
396 3985 428 4050 et
442 3982 625 4066 apostolicae
641 3979 728 4048 Sedis
743 3981 776 4047 in
791 3980 895 4046 nostro
910 3981 941 4046 et
957 3976 986 4046 S.
1002 3979 1038 4046 n
1055 3979 1088 4046 ll.
1104 3977 1237 4046 exercitu
1251 3975 1289 4041 de
1307 3975 1404 4042 latere
1417 3975 1508 4058 legate

279 4103 312 4166 ut
335 4101 436 4168 mm
450 4101 555 4183 egeret
577 4096 726 4183 quaedam
749 4095 863 4162 noetus
878 4095 979 4165 verbis
1002 4113 1078 4178 quae
1100 4096 1165 4159 ete
1180 4092 1375 4159 vehementer
1388 4089 1508 4174 cupimus

278 4214 372 4290 effici3
394 4215 553 4280 hortemur
572 4211 764 4280 devotionem
786 4213 874 4278 brem
894 4211 927 4278 et
941 4209 1027 4276 enixe
1049 4209 1183 4292 petimus
1197 4207 1279 4272 utin
1293 4205 1509 4286 omnibusque

280 4327 472 4412 significerit,
492 4345 649 4394 sommam
669 4327 700 4394 ci
721 4326 753 4394 st
775 4325 867 4393 tidem
896 4326 1009 4392 babeas
1032 4327 1063 4391 et
1085 4324 1118 4390 in
1140 4319 1311 4408 exequendo
1334 4317 1508 4406 diligentium

279 4443 423 4538 praestes,
446 4441 580 4506 tecturus
602 4440 690 4506 nobis
713 4459 776 4507 rem
799 4440 1019 4525 gratissimam.
1066 4440 1180 4505 Datum
1203 4441 1362 4522 utsupra.
