3192 4930
600 1314 680 1412 AD
708 1315 1028 1412 LECTOREM.

279 1704 489 1774 Sextodccimo
518 1705 636 1772 saeculo
665 1723 684 1771 a
711 1703 780 1771 Chr.
810 1705 872 1772 nat.
901 1705 989 1790 plura
1018 1704 1140 1790 quidem
1171 1706 1210 1784 et
1241 1723 1334 1790 quem
1364 1723 1440 1790 quac

190 1823 332 1900 memma,
361 1822 531 1888 memoratu
561 1819 653 1906 digua
682 1839 815 1886 evenere.
860 1817 1005 1886 cirillum
1035 1823 1125 1906 atque
1155 1839 1310 1887 sacrarum
1341 1839 1442 1887 rerum

195 1937 357 2016 conversio,
385 1934 647 2021 pertinacissimae
676 1935 776 2002 Caroli
799 1935 835 2002 V.
865 1937 897 2002 et
925 1935 1081 2002 lhancisci
1110 1935 1143 2014 1.,
1174 1935 1442 2020 cupidissimorum

194 2072 308 2138 regum,
339 2051 556 2130 contentiones,
585 2051 745 2117 calamitas
768 2050 877 2118 Italiae
906 2050 939 2116 in
969 2050 1147 2119 servitutem
1178 2071 1272 2136 paene
1302 2051 1442 2118 redactae

191 2171 420 2250 exterorumque
442 2167 475 2232 in
498 2167 577 2232 hanc
591 2167 748 2251 regionem
771 2185 907 2233 crescens
926 2164 1108 2246 dominatus,
1131 2166 1309 2251 pontificum
1325 2167 1441 2234 Rorna-

191 2303 297 2348 norum
322 2280 468 2348 adversus
500 2281 749 2348 heterodoxorum
778 2281 1025 2349 reformationem
1055 2283 1219 2348 acerrimae
1242 2301 1372 2368 pugnae,
1396 2283 1443 2348 ui·

190 2416 293 2464 rorum
308 2396 490 2480 principum,
507 2397 703 2463 sanctissima
718 2397 870 2464 Emlesiue
879 2395 1052 2464 Catholicae
1068 2397 1135 2462 iura
1150 2397 1209 2464 sibi
1224 2399 1442 2482 arrogantium,

190 2513 374 2580 inexhausta
396 2511 536 2591 ariditas,
566 2511 771 2579 doctrinarum
795 2512 924 2598 denique
947 2512 1098 2598 corruptio
1127 2513 1300 2598 integritati
1322 2532 1442 2581 momm

191 2629 287 2694 nimis
311 2626 549 2706 adversantium,
579 2647 637 2712 quo
660 2629 730 2712 plus
753 2627 903 2695 momenti
933 2627 1033 2694 studio
1062 2628 1147 2694 illins
1177 2628 1288 2696 aetatis
1318 2628 1443 2707 addunt

192 2763 225 2810 eo
248 2742 398 2808 maiorem
421 2741 576 2809 fecessunt
599 2743 744 2810 historico
773 2743 997 2810 difficultatem.
1044 2743 1159 2810 Idcirco
1182 2744 1443 2828 operaepretium

191 2877 260 2925 esse
284 2857 479 2936 arbitramur,
501 2856 617 2942 aliquot
632 2858 720 2926 edere
744 2877 804 2925 non
819 2858 921 2944 exigui
943 2858 1084 2942 ponderis
1100 2857 1279 2924 documento
1302 2877 1337 2924 ac
1352 2857 1444 2925 testi-

190 2973 305 3052 monia,
329 2991 457 3058 quorum
472 2991 527 3056 ope
550 2973 697 3041 historiae
719 2973 842 3040 illorum
858 2975 1030 3059 temporum
1046 2975 1146 3040 lucem
1166 2972 1320 3040 effundere
1342 2973 1443 3058 possi·

192 3110 271 3156 mus
294 3087 379 3155 Haec
400 3088 506 3172 utique
528 3087 687 3154 dumtaxat
702 3089 890 3172 sumpsimus
912 3088 1098 3175 colligenda3
1122 3089 1175 3155 sed
1191 3088 1322 3174 sapienti
1337 3089 1445 3173 cuique

192 3205 390 3289 perspicuum
413 3222 480 3269 esse
503 3203 600 3283 dohet
622 3222 714 3288 qnam
738 3222 884 3289 maguam
908 3223 1059 3289 quumque
1081 3203 1203 3271 firmam
1227 3203 1290 3270 rim
1312 3205 1446 3270 habeant

192 3321 232 3386 ed
253 3319 346 3398 fucta,
369 3317 417 3384 vol
439 3319 588 3385 ementita
601 3319 651 3384 rel
673 3337 733 3385 nou
749 3321 841 3402 probe
864 3319 996 3404 cognite,
1019 3319 1208 3398 declaranda
1230 3318 1269 3384 ad
1293 3337 1446 3386 summam

193 3433 364 3500 memoras
380 3433 458 3512 vlt,
481 3432 635 3518 pontificis
650 3433 777 3500 maximi
800 3435 873 3500 tunc
893 3435 1060 3518 regnantis,
1083 3453 1144 3501 non
1167 3435 1265 3500 solum
1287 3434 1320 3500 in
1343 3434 1446 3514 sacris,

194 3567 303 3616 rerum
327 3549 422 3614 etiam
444 3549 478 3614 iu
500 3549 642 3616 civilibus
664 3549 835 3633 politicisre
854 3549 986 3635 negotiis
1009 3548 1231 3635 pertractandis
1253 3549 1446 3633 prudentium

195 3665 442 3750 aequitatemque
457 3663 703 3748 dignoscendam
727 3665 766 3730 ad
782 3663 882 3732 Caroli
897 3665 934 3730 V.
958 3664 1150 3748 imperatoris
1166 3667 1303 3731 mentem
1326 3667 1358 3731 et
1372 3683 1445 3731 con-

197 3779 276 3858 silia,
298 3779 533 3864 aequaliumque
557 3783 633 3860 ecta
656 3781 703 3846 uti
725 3799 780 3863 par
802 3781 857 3858 oet
881 3779 1075 3865 expendendo
1098 3798 1133 3846 ac
1156 3779 1357 3846 diiudicanda.

286 3894 370 3962 Haec
392 3913 464 3960 uero
486 3913 504 3960 e
526 3895 615 3961 nobis
637 3895 764 3962 collecta
779 3895 960 3961 documenta
983 3914 1017 3961 ac
1040 3895 1215 3961 testimonie
1238 3895 1322 3961 tuero
1344 3895 1447 3961 omnia

198 4030 235 4076 ex
249 4009 423 4095 archetypis
446 4009 606 4094 descripta,
629 4031 706 4095 quae
723 4010 772 4078 vel
793 4010 825 4076 in
841 4011 964 4077 archivo
980 4011 1136 4090 Vaticano,
1160 4010 1209 4077 vel
1231 4013 1264 4076 in
1280 4009 1447 4077 Mutinensi

200 4125 413 4203 etqhdautuano
437 4125 643 4192 adserventur.
668 4127 807 4192 Primum
822 4127 855 4192 iu
878 4145 982 4193 eorum
999 4127 1076 4194 serio
1099 4127 1159 4192 sibi
1174 4126 1331 4194 vindicant
1346 4126 1447 4192 locum

200 4241 316 4319 breves,
339 4259 414 4326 quos
438 4259 456 4306 a
478 4239 592 4308 Jacchc
616 4241 757 4310 Sadoleto
787 4242 980 4327 conscriptos,
1009 4242 1097 4308 misit
1125 4242 1164 4308 ad
1187 4245 1267 4309 viros
1296 4241 1448 4326 principes

202 4353 344 4423 Clemens
358 4355 436 4436 vm,
459 4357 528 4422 tum
550 4359 739 4443 argumento,
762 4361 830 4426 tum
845 4377 947 4426 rerum
965 4358 1126 4444 gravitate,
1149 4359 1217 4424 tum
1232 4356 1327 4424 etiem
1340 4356 1448 4442 lingua

203 4488 240 4536 ac
259 4471 331 4538 stilo
345 4471 471 4557 plurimi
492 4472 706 4556 aestimandos,
729 4475 775 4542 ita
796 4475 908 4542 utnon
923 4473 1013 4542 modo
1028 4473 1214 4554 historicum¹
1238 4471 1292 4616 sed
1314 4472 1346 4539 st
1359 4471 1447 4540 litte·

1254 4595 1273 4648 a
