3152 4902
595 339 839 408 -131-

108 537 233 620 pateruae
252 539 286 604 at
308 538 469 622 perpetuae
491 535 667 614 voluntatis,
697 533 734 602 de
756 533 821 600 eius
843 533 947 600 animo
969 531 1085 618 optimo
1107 551 1180 620 erga
1202 555 1258 604 noe
1280 557 1341 605 uon

110 650 317 719 dubitabamus
360 653 429 718 bltai
451 652 534 718 enim
555 651 749 718 audieramus
771 649 875 728 fuisse,
897 649 951 734 qni
964 665 1074 732 pamm
1095 651 1184 734 gnari
1207 655 1341 720 uecessi-

108 769 193 834 tutum
220 771 403 846 nostrarum,
433 768 567 834 actiones
595 768 716 832 nostres
746 765 881 832 sinistris
911 765 1131 849 suspitionibus
1160 768 1343 836 labefactare

108 883 355 962 constituissent,
379 883 549 950 sciebamus
572 884 676 949 tamen
698 880 779 965 apud
801 879 1073 964 pmdentissimum
1096 883 1128 946 et
1150 883 1342 967 sapientissi-

108 1016 181 1062 mum
202 997 362 1064 Caesarem
383 1001 484 1065 locum
511 999 634 1066 verimti
655 1017 730 1076 esse,
760 1015 821 1063 nou
844 996 1015 1080 suspitioni,
1045 997 1132 1062 cuius
1153 997 1187 1064 in
1209 1019 1265 1066 nos
1287 1003 1342 1068 be·

107 1114 267 1192 obsolentia,
292 1115 349 1180 hoc
371 1115 459 1181 uobis
481 1114 598 1199 gratior
620 1117 651 1181 et
673 1112 855 1198 exploratior
884 1111 966 1176 facta
988 1115 1044 1190 est,
1068 1113 1147 1196 quod
1176 1118 1346 1198 permansit

107 1229 134 1294 iu
154 1249 259 1310 amore,
282 1249 379 1314 neque
403 1250 434 1296 se
457 1229 595 1295 abstrahi
617 1247 726 1312 passus
749 1230 811 1304 est3
834 1227 1047 1311 vetustamque
1061 1229 1198 1294 nostram
1220 1234 1252 1297 st
1275 1251 1344 1303 mu-

106 1347 182 1410 tuam
191 1346 306 1412 amoris
316 1345 557 1411 coniunctionem
572 1344 721 1428 singulari
731 1343 903 1409 constantia
912 1342 1116 1419 conservavit
1131 1344 1217 1410 cuius
1226 1349 1346 1430 quando

106 1459 267 1526 adnutum
291 1460 412 1528 divinae
441 1460 661 1545 providentiae,
685 1459 812 1525 consilio
834 1459 938 1525 omnia
966 1459 1073 1542 parata
1097 1462 1183 1536 sunt,
1207 1462 1293 1530 docet
1314 1468 1346 1530 et

105 1576 184 1642 illum
212 1576 356 1660 perlicere
384 1596 460 1662 quae
490 1575 552 1642 iam
582 1577 662 1660 cepit
691 1575 819 1641 consilia
847 1573 1051 1658 procurandae
1072 1576 1171 1658 pacis;
1198 1579 1232 1642 et
1261 1580 1347 1646 tuum

104 1693 211 1758 nob.tem
233 1711 358 1758 omnem
379 1693 413 1758 in
434 1710 470 1758 eo
491 1709 613 1775 operam
636 1693 667 1758 et
683 1689 819 1756 studium
843 1708 931 1754 suum
953 1689 1151 1774 interponere,
1175 1694 1210 1758 ut
1232 1693 1346 1762 sedatis

105 1809 271 1892 pacatisque
301 1807 477 1874 domesticis
505 1807 610 1886 rebus,
639 1807 712 1872 illuc
734 1806 848 1890 pariter
870 1805 990 1871 tendere
1019 1806 1181 1891 possimus,
1211 1828 1270 1894 quo
1292 1831 1348 1878 uos

106 1923 180 1989 Deus
202 1927 233 1990 et
255 1923 427 1990 eommunis
449 1921 566 1988 Christi
586 1940 635 1987 res
650 1924 745 1999 vocat,
767 1921 801 1987 in
815 1939 874 2004 quo
896 1937 983 2004 opere
1006 1923 1158 2004 praeclaro
1181 1928 1213 1990 et
1234 1926 1350 1996 illustri

104 2039 303 2106 restituemus
324 2041 356 2105 ot
376 2037 593 2104 instaurandae
615 2037 799 2103 christianae
829 2036 899 2103 fidei
921 2039 952 2103 et
981 2037 1143 2122 dignibtis
1166 2041 1220 2107 ille
1247 2063 1349 2112 amore

105 2157 240 2238 etopora
262 2158 294 2221 et
316 2153 497 2220 auctoritate
511 2154 630 2231 nostru,
653 2171 709 2218 nos
731 2152 816 2218 illius
832 2152 943 2218 virtute
966 2155 998 2218 ot
1019 2155 1232 2239 magnitudine
1253 2159 1351 2227 animi

105 2271 297 2352 perfruamur,
320 2271 411 2354 atque
433 2289 469 2334 ea
491 2288 629 2353 agamus,
651 2287 728 2351 quae
750 2269 782 2333 iu
805 2270 871 2334 tam
886 2269 971 2334 brevi
994 2269 1075 2335 vitae
1097 2272 1237 2339 mortalis
1260 2295 1350 2343 cursu

105 2403 201 2468 parere
224 2385 314 2452 nobis
344 2384 538 2452 etemitatom
560 2387 591 2449 et
613 2384 746 2449 fructuum
777 2384 978 2467 sempiternae
1001 2385 1081 2469 apud
1105 2386 1204 2453 Deum
1233 2391 1353 2474 gratiae

104 2501 226 2584 possint

188 2616 256 2683 Hoc
279 2620 315 2683 ut
343 2618 466 2701 paretur
489 2615 697 2700 efficiaturque
726 2617 813 2680 tuum
843 2616 891 2680 est
919 2634 1025 2699 urgere
1056 2618 1088 2683 et
1116 2637 1289 2702 procurare,
1319 2623 1350 2689 in

105 2731 185 2798 cuius
203 2732 319 2798 virtute
342 2751 456 2817 magua
470 2749 541 2816 psrs
564 2733 668 2797 tantae
683 2730 783 2796 laudis
805 2732 1001 2815 conquietura
1022 2735 1078 2810 ost,
1101 2733 1150 2799 cui
1164 2755 1221 2801 nos
1236 2755 1352 2823 quoque

105 2865 154 2930 pro
176 2848 283 2912 nostro
305 2847 457 2932 singulari
478 2846 525 2912 tui
547 2846 675 2912 ornandi
690 2845 790 2911 studio
813 2845 941 2911 mirifice
963 2847 1108 2914 favemus.
1155 2847 1214 2918 Sed
1229 2855 1264 2917 ut
1282 2853 1352 2919 bre-

104 2962 179 3028 viter
201 2961 448 3046 perstringamus
471 2981 548 3046 quae
570 2960 652 3026 dicta
676 2963 756 3040 sunt,
779 2963 810 3026 et
831 2963 1023 3045 gratulamur
1045 2963 1117 3030 huic
1139 2985 1207 3032 vere
1222 2969 1355 3035 maximo

106 3079 135 3140 ot
155 3095 225 3144 sere
247 3077 513 3160 praestantissimo
528 3075 658 3155 Caesari
681 3075 761 3160 quod
783 3078 848 3142 tam
872 3078 954 3160 piam
970 3081 1000 3143 et
1022 3081 1137 3145 rectem
1159 3081 1192 3148 in
1214 3083 1356 3150 omuibus

107 3192 250 3258 adhibeat
277 3193 483 3271 voluntatem,
512 3195 544 3260 et
567 3192 712 3259 daddus
741 3211 843 3258 amore
866 3213 938 3278 erga
967 3213 1022 3259 nos
1045 3195 1217 3262 incredibili
1245 3199 1357 3283 gaudio

106 3306 265 3386 allicimur,
293 3308 411 3392 tibique
432 3307 512 3393 quod
534 3308 637 3374 omnia
658 3307 746 3373 uobis
769 3309 833 3374 tem
857 3307 1021 3392 ddigenter
1042 3311 1114 3375 nota
1137 3330 1204 3377 esee
1218 3314 1359 3394 volueris,

109 3423 229 3505 agimus
253 3424 378 3506 paterno
401 3423 504 3488 animo
534 3423 666 3507 gratiss,
695 3423 840 3507 tuamque
870 3424 985 3488 nob.tarn
1016 3424 1145 3491 iacimus
1175 3428 1290 3494 certam
1315 3429 1360 3516 (id

109 3537 186 3621 quod
207 3540 242 3604 et
264 3538 303 3604 cd
323 3540 445 3604 nostros
466 3535 548 3622 apud
562 3536 722 3604 Caesarem
744 3537 871 3602 nuncios
887 3539 979 3604 scribi
1002 3539 1196 3628 mandamus)
1213 3544 1291 3610 velle
1305 3564 1362 3612 nos

111 3653 141 3718 et
161 3672 279 3737 cupere,
308 3656 343 3718 nt
365 3655 397 3719 ot
419 3653 517 3736 ipsius
547 3653 694 3720 serenitas
724 3653 755 3718 et
784 3670 889 3718 omnes
920 3654 968 3718 sui
990 3672 1026 3720 ea
1048 3673 1067 3720 a
1089 3657 1177 3722 nobis
1206 3661 1364 3742 expectent

111 3785 185 3850 quae
207 3768 249 3832 ab
264 3765 477 3832 amantissimo
499 3768 531 3833 ct
552 3767 801 3851 idulgentissimo
823 3769 908 3850 patre
931 3770 961 3834 et
977 3769 1089 3853 requiri
1110 3776 1240 3856 possunt
1261 3777 1292 3840 et
1309 3795 1362 3841 eu·

112 3882 234 3965 pectari
280 3878 366 3960 Quod
390 3901 458 3948 uero
481 3881 521 3946 ad
534 3883 812 3966 comprobationem
835 3885 866 3948 et
881 3884 1114 3951 ratificationem
1137 3887 1247 3954 federis
1268 3891 1362 3955 uost'

114 3997 233 4074 attinet
258 3997 335 4080 quod
364 4016 418 4063 sos
441 3997 511 4063 istic
540 3997 690 4081 publicari
712 3999 883 4077 curavistis,
913 4019 968 4064 nos
991 4020 1108 4085 quoquo
1138 4003 1265 4070 eandem
1287 4005 1365 4070 rati-

114 4113 287 4178 ficationem
308 4113 547 4196 comprobantes,
570 4113 621 4178 bic
645 4113 773 4179 solemni
788 4113 838 4179 die
859 4114 1008 4198 legitimis
1024 4115 1198 4184 cerimoniis
1218 4118 1367 4185 adhibitis

116 4227 235 4294 etDso
258 4227 459 4312 omnipotenti
487 4228 605 4312 gratias
634 4247 724 4312 agere
746 4229 777 4294 st
799 4228 832 4293 id
860 4229 962 4312 ipsum
992 4230 1097 4296 foedus
1125 4233 1279 4314 publicare
1308 4254 1370 4302 non

117 4345 341 4427 postponamus.
366 4343 482 4410 Datum
496 4343 612 4410 Romae
621 4345 676 4410 etc.
693 4343 742 4408 die
756 4343 850 4411 xxiiii
860 4345 976 4427 Aprilis
993 4345 1110 4412 mdxxv.
1126 4347 1216 4414 Anno
1231 4350 1370 4417 secundo.

693 4503 800 4515 -ι

1176 4570 1213 4640 9*
