3192 4930
581 329 801 396 „41-

97 525 116 586 61
136 523 292 589 commodis
322 524 516 609 cogitaturos,
547 543 724 607 semperque
753 523 810 588 hoc
839 522 976 589 familiae
1004 526 1075 590 tuae
1104 525 1314 590 nobilissimae

98 640 215 724 uobisque
237 640 455 706 dilectissimae
477 643 509 706 61
530 639 764 722 probatissimae
786 639 918 716 daturos,
941 641 976 704 ut
991 657 1184 725 quaecunque
1206 641 1239 705 16
1262 659 1315 706 666

97 755 317 822 6116666116
342 759 374 821 et
396 757 501 821 sancta
530 755 600 821 6616
623 756 680 820 1166
703 755 939 838 proficiscantur,
969 775 1003 820 sa
1026 755 1185 822 videantur
1213 758 1315 840 potius

95 870 180 934 restris
206 871 369 953 praeclaris
399 871 565 936 virtutibus
596 889 774 956 summoque
804 871 901 937 amori
922 873 1027 938 nostro
1051 891 1086 938 ac
1109 870 1219 938 iudicio
1242 891 1315 956 erga

94 1003 129 1048 ros
148 986 214 1050 1616
235 1006 328 1069 quam
351 1007 385 1052 66
409 987 564 1052 communi
586 987 801 1054 consuetudine
823 1006 972 1053 concessa.
1019 985 1106 1066 Quod
1128 1007 1197 1052 cum
1220 987 1314 1053 facie·

94 1118 150 1177 666,
170 1119 228 1167 666
249 1103 349 1167 661616
371 1102 598 1168 benevolentiae
620 1103 652 1168 iu
675 1121 729 1167 vos
752 1105 881 1179 nostras,
905 1103 956 1169 sed
974 1103 1141 1168 6116161161
1163 1103 1270 1168 bonori
1285 1107 1317 1169 61

92 1215 138 1280 eius
159 1219 275 1282 sanctae
297 1217 369 1282 fidei
391 1218 484 1283 saluti
506 1237 562 1284 uos
584 1238 649 1284 rem
672 1218 863 1284 commodam
885 1221 917 1284 61
939 1219 1047 1284 utilem
1062 1219 1158 1284 facere
1181 1219 1313 1285 arbitra·

91 1329 176 1396 bimur.
210 1333 339 1398 Devotio
361 1335 414 1398 166
436 1335 470 1398 61
485 1336 588 1399 nostro
611 1353 731 1419 argaeo
752 1335 850 1399 amori
871 1334 938 1418 pari
960 1337 991 1400 61
1006 1334 1107 1400 debita
1123 1335 1314 1400 observantia

90 1448 252 1529 respondeat
274 1467 459 1532 magnopore
480 1449 568 1516 illam
591 1451 624 1516 16
646 1449 769 1516 1616166
791 1449 958 1516 hortamur.
990 1451 1105 1516 Datum
1127 1451 1244 1518 1161666
1259 1451 1314 1516 616.

664 1827 715 1892 30.

526 1992 862 2065 Antuerprensrbus.

155 2145 265 2210 Dilecti
287 2146 353 2210 lilii
399 2146 580 2230 Accepimus
609 2145 729 2210 litteras
752 2147 870 2211 vestras
900 2148 931 2212 et
960 2146 1073 2212 civium
1096 2146 1315 2231 magistrorum

84 2275 109 2321 ac
127 2261 278 2326 consulum
293 2280 354 2326 una
376 2261 467 2326 istius
483 2262 626 2340 civitatis,
650 2261 682 2328 16
698 2261 808 2346 quibus
824 2263 1015 2345 deplorantes
1038 2265 1156 2328 vestrae
1171 2261 1313 2328 ecclesias

84 2373 295 2456 incommodum,
319 2395 395 2460 quae
410 2376 526 2443 1616116
541 2377 653 2443 decano
677 2397 731 2443 suo
746 2378 852 2443 orbata
866 2378 989 2462 propter
1004 2377 1110 2444 dilecti
1132 2376 1189 2442 filii
1205 2377 1225 2442 J
1227 2378 1313 2444 acobi

85 2487 205 2556 leunisii
219 2492 325 2558 decani
340 2492 434 2557 vestri
450 2493 621 2558 absentiam
644 2511 706 2558 non
721 2493 883 2559 mediocria
898 2493 932 2559 in
947 2493 1157 2576 spiritualibus
1173 2496 1208 2558 ut
1225 2493 1311 2558 affir-

83 2606 159 2670 matis
180 2608 289 2691 accipit
311 2607 504 2687 detrimenta,
526 2608 631 2692 petitis
654 2607 692 2674 ad
709 2611 878 2675 extremum
899 2612 935 2675 ut
956 2629 1026 2676 eum
1050 2611 1098 2675 vel
1120 2610 1159 2674 ad
1174 2609 1310 2675 residen-

81 2718 139 2785 dum
159 2722 190 2788 in
212 2741 267 2788 sua
295 2723 423 2788 ecclesia
446 2724 495 2789 vel
517 2723 557 2788 ad
579 2723 759 2789 decanatum
789 2723 891 2808 ipsum
914 2725 946 2790 in
978 2725 1093 2790 sessuri
1115 2729 1146 2790 61
1169 2725 1311 2790 servituri

81 2836 203 2902 eeclesiae
231 2856 392 2921 personam
422 2839 640 2922 resignandum
669 2840 896 2924 compellamus.
943 2839 1061 2920 Quibus
1090 2841 1226 2924 utrisque
1255 2859 1310 2905 nos

81 2948 119 3013 bis
138 2952 242 3019 littoris
265 2954 380 3020 nostris
395 2953 619 3038 respondemus
642 2955 775 3040 primum
791 2957 1039 3023 commendantes
1053 2957 1086 3023 in
1102 2957 1233 3023 Domino
1255 2955 1309 3021 de-

80 3067 211 3135 votionem
233 3072 265 3135 61
278 3070 458 3154 religionem
481 3073 615 3136 66611616
638 3070 691 3155 qui
706 3071 848 3138 ecclesiae
871 3091 974 3138 curam
997 3092 1064 3138 eam
1080 3091 1171 3157 quam
1195 3072 1311 3139 debetis

79 3183 169 3262 geritis
190 3205 224 3251 ac
246 3185 412 3269 suscipitis,
435 3205 473 3252 ne
488 3205 524 3252 aa
547 3186 611 3252 suis
626 3189 658 3252 at
671 3186 730 3252 Dei
745 3186 897 3252 ministris
920 3188 1050 3270 spoliata
1072 3187 1194 3254 616616
1209 3188 1310 3254 omni-

80 3300 193 3376 potentis
221 3301 279 3367 Dei
309 3303 340 3366 61
369 3302 454 3367 66116
483 3301 528 3368 161
556 3301 677 3368 1111666
705 3301 897 3386 refrigescat3
928 3322 1020 3388 quam
1049 3303 1176 3368 eandem
1204 3321 1308 3368 curam

79 3410 207 3482 habemus
228 3435 299 3494 6οι;
316 3417 380 3483 Ι)66
403 3416 486 3482 66116
509 3417 690 3484 concedente
704 3437 810 3485 sumus
833 3421 865 3484 61
886 3420 919 3486 16
942 3421 1089 3484 vostrast
1111 3419 1143 3484 16
1159 3419 1309 3497 omnibus,

80 3529 239 3617 utquisque
262 3534 329 3599 eins
351 3533 487 3599 muneris
511 3533 603 3599 fidem
632 3535 717 3600 cuius
741 3537 804 3602 Ι)66
827 3536 945 3602 debitor
967 3537 1016 3600 661
1035 3535 1197 3619 persolvat,
1220 3555 1308 3602 cura-

79 3645 134 3709 turi
179 3649 222 3714 16
246 3651 281 3713 61
303 3649 490 3714 assentimur
513 3648 600 3715 nobis
623 3653 825 3733 opportunam
847 3651 962 3717 666616
985 3652 1120 3717 ecclesiis
1144 3653 1308 3734 superioris

80 3764 260 3838 praesentiam
291 3765 335 3829 sic
365 3765 508 3847 quoniam
538 3766 715 3850 quandoque
745 3767 854 3832 6661111
876 3769 912 3833 61
934 3767 987 3852 qui
1009 3768 1073 3833 Deo
1105 3768 1240 3833 serviunt
1270 3769 1308 3833 ad

80 3876 174 3942 6611616
196 3879 289 3944 aliam
321 3880 471 3946 serviendi
494 3884 645 3962 vocentur,
676 3882 814 3948 habenda
837 3885 884 3948 cst
914 3883 1090 3967 quandoque
1113 3902 1308 3967 personarum

77 3987 228 4059 distinctio:
251 3994 416 4060 dummodo
439 4015 535 4080 neque
558 3999 736 4080 perpetuum
759 3999 791 4068 id
815 3999 855 4063 sit
878 4018 974 4082 neque
997 3999 1219 4082 inexemplum
1242 4001 1256 4063 1
1292 4035 1307 4046 -

79 4101 168 4172 batur:
188 4127 316 4194 cumque
338 4131 418 4176 nnnc
440 4111 505 4195 ipse
521 4112 687 4178 Banuisius
710 4114 790 4197 apud
812 4133 868 4178 nos
891 4115 1044 4180 innostra
1067 4117 1202 4180 versetur·
1224 4114 1307 4180 66116
1414 4129 1421 4146 ·

77 4237 105 4280 61
124 4241 221 4303 gerens
240 4227 362 4310 negotia
386 4245 461 4309 quae
484 4227 523 4292 ad
545 4229 629 4311 pacis
652 4229 683 4294 61
706 4229 855 4295 66166166
877 4231 986 4295 Italiae
1001 4229 1213 4296 tractationem
1236 4249 1305 4313 per·

79 4333 191 4403 1166616
217 4361 272 4406 666
302 4342 334 4408 16
365 4342 499 4408 maxima
528 4363 600 4409 cura
628 4347 659 4409 61
689 4345 894 4410 sollicitudine
924 4346 1020 4411 animi
1050 4347 1154 4411 tenant
1183 4345 1308 4429 positos.

77 4445 224 4520 iudicamus
253 4477 319 4524 esse
342 4477 401 4523 non
429 4459 569 4544 iniquum
597 4462 686 4525 utet
709 4461 824 4546 negotii
853 4459 933 4546 qnod
955 4462 1022 4546 agit
1044 4463 1075 4526 et
1097 4461 1220 4528 virtutis
1250 4481 1305 4546 per
