3192 4930
607 281 828 350 ...31-

115 475 265 544 annorum
288 475 327 542 ed
342 496 470 562 quarum
484 495 540 544 noe
555 478 639 544 Deus
662 489 765 544 dirum
781 477 883 562 elegit
903 478 1053 561 *quantum
1068 497 1139 544 oum
1153 477 1217 544 Deo
1231 495 1342 562 possu-

115 611 167 658 nus
179 593 299 658 obviare
315 591 531 672 desideramus,
552 593 728 660 huiusmodi
743 591 1015 676 suppletionibus
1027 591 1177 672 inclinati,
1192 594 1343 677 praelatos

113 705 318 774 oomnissarios
348 727 383 774 ac
412 707 625 794 subdolegutos
654 709 693 774 ab
722 707 782 787 eis,
812 710 845 773 et
865 707 943 774 ulios
974 708 1119 774 officiales
1143 727 1162 774 a
1183 709 1342 794 quibusvis

112 823 376 910 eronunieationis
405 824 613 908 suspensionis
635 823 667 889 et
688 823 843 890 interdioti
872 823 1002 908 aliisquo
1031 823 1246 890 aeclesiasticis
1270 843 1341 892 seu·

112 939 195 1004 tentiis
217 939 354 1005 sensuris
377 941 408 1004 et
429 939 526 1024 penis,
557 939 585 1005 si
607 957 682 1023 quas
705 939 943 1022 praemissorum
965 939 1121 1005 ooossione
1143 940 1341 1018 incurrerunt,

111 1053 199 1120 lauru
223 1054 300 1121 serie
314 1055 506 1122 absolventes
521 1057 553 1120 et
567 1055 724 1121 absolutos
745 1053 808 1121 fore
832 1055 997 1134 emenus,
1021 1054 1229 1139 indulgentias
1251 1073 1341 1138 prae·

111 1167 173 1235 latus
192 1173 258 1238 tam
279 1188 334 1254 pro
357 1170 490 1236 oruoiata
512 1187 606 1255 quarn
628 1169 711 1236 diota
741 1169 931 1254 repamione
953 1170 1098 1237 basilicae
1122 1169 1172 1236 su
1198 1171 1283 1238 Petri
1305 1171 1342 1237 de

110 1285 170 1350 urbe
188 1287 322 1370 tempora
337 1285 545 1370 suspensionis
561 1285 733 1370 praedictae
749 1285 919 1370 publicatas
942 1305 1100 1352 oouoessas
1115 1289 1145 1352 et
1160 1286 1342 1353 distributus

111 1401 295 1484 approbamus
317 1401 350 1466 st
363 1401 588 1480 oonlirmamus
610 1402 741 1485 illusque
763 1419 858 1486 usque
873 1401 912 1467 sd
927 1402 1112 1486 vigesimum
1130 1402 1213 1469 diem
1227 1402 1343 1470 mensis

109 1514 257 1581 deoenbris
279 1517 415 1600 proximo
442 1517 539 1582 iuturi
561 1517 685 1602 proinde
714 1517 815 1583 ualere
837 1517 1036 1596 decernimus,
1064 1535 1101 1582 ao
1128 1517 1155 1583 ri
1181 1517 1343 1601 suapemio

109 1629 243 1714 praedicta
266 1649 285 1696 u
307 1632 396 1698 nobis
419 1633 561 1698 emanata
589 1649 651 1698 uon
673 1633 790 1711 luisset,
820 1635 851 1698 et
873 1633 1074 1698 nibilominus
1097 1633 1289 1716 questoribus
1311 1635 1343 1698 et

109 1745 166 1810 aliis
185 1745 375 1826 officialibus,
404 1749 440 1812 ut
467 1747 553 1813 iuxta
583 1749 719 1814 tenorem
751 1747 902 1814 dictarum
933 1749 1105 1814 bennun
1136 1751 1343 1814 summumst

107 1861 292 1943 quantitatem
307 1859 506 1928 distributam
521 1863 559 1928 ab
574 1863 703 1948 illisqui
717 1863 893 1930 huiusmodi
908 1863 1024 1948 gruiias
1040 1863 1209 1947 semperint
1223 1863 1343 1948 exigere

107 1977 133 2040 et
157 1991 323 2060 roeuperare
352 1978 474 2062 possint
502 1979 668 2062 spostolioe
702 1979 883 2044 auototitate
914 1979 1071 2044 boantium
1100 1981 1132 2046 et
1163 1979 1342 2046 iueultstem

107 2091 281 2158 wnoedimus
303 2111 357 2176 per
379 2095 562 2176 praesentes.
600 2091 671 2160 Non
694 2094 887 2160 obstantibus
910 2095 1179 2160 constitutionibus
1202 2095 1233 2161 et
1255 2092 1338 2160 ordi·

105 2205 262 2272 nationibus
276 2207 460 2291 apostolicis,
475 2209 641 2293 ceterisque
656 2211 816 2276 contrariis
831 2210 1078 2295 quibusdumque.
1093 2209 1210 2276 Datum
1224 2211 1339 2276 Romae

438 2438 528 2506 rinno
549 2439 648 2524 primo
671 2439 809 2508 mdxriiii

492 2575 540 2621 xv.
564 2553 748 2622 Nouembris

439 2670 499 2736 Pro
523 2670 717 2736 serenissimo
738 2689 809 2756 rege
831 2672 1038 2738 Romanorum

254 2807 275 2849 a
298 2793 383 2870 tergo
440 2783 536 2870 Super
558 2785 758 2871 indulgentiis
780 2786 813 2853 in
836 2787 901 2854 suis
923 2787 999 2854 loeis
1021 2788 1172 2854 ooneessis

484 2901 635 2985 Apertum

484 3016 684 3100 Duplioatum

484 3130 692 3215 Triplloatum

690 3331 743 3400 23

300 3495 439 3558 Dilecto
454 3491 712 3570 ruronnrnppo
726 3494 774 3555 ue
788 3489 1138 3576 vnrrersnsrrnuarru)

273 3605 444 3690 Hospitalis
472 3603 526 3671 ss
550 3603 680 3670 ioannis
709 3603 973 3672 Hierosollmituni
1001 3603 1160 3688 Magistro.

410 3771 524 3858 Magno
546 3772 647 3840 Rhodi
669 3772 827 3857 Magistro.

184 3911 297 3980 Dilecto
320 3913 380 3982 fili:
404 3915 546 3982 dilatum
568 3915 656 3982 nobis
678 3915 726 3981 est
748 3914 895 3980 dilectum
910 3915 1008 3982 lilium
1025 3915 1198 3982 Fabritium
1221 3916 1337 4000 Pigua·

98 4021 204 4092 tellum
224 4029 349 4098 lustrum
365 4029 416 4098 St
433 4030 564 4098 Juunu
585 4030 704 4100 ordinis
722 4029 868 4098 militonis
884 4031 915 4096 st
937 4031 1071 4114 priorem
1085 4031 1241 4098 Burlettae
1265 4031 1344 4096 siout

189 4221 206 4291 ¹)
224 4221 344 4288 Philippus
358 4227 387 4276 de
399 4227 492 4277 llilllers
505 4228 534 4277 de
545 4228 615 4276 l'lsle
633 4229 706 4276 Adanu
725 4227 822 4276 ultlnrus
835 4241 932 4285 magnus
945 4225 1057 4285 msglater
1070 4227 1211 4276 ltlrodloruru
1230 4231 1344 4288 equiturn,

95 4303 241 4372 suimus
253 4336 337 4382 uuus
348 4325 436 4375 unare
448 4323 626 4375 enarratur
638 4325 750 4385 eumen,
763 4337 810 4375 nou
824 4325 1071 4384 sistaricensem
1087 4327 1194 4387 peenas
1205 4321 1342 4384 nomentan

94 4425 140 4462 ⁰01¹
159 4421 220 4468 suin
238 4423 299 4471 iuter
316 4423 405 4484 priores
423 4423 545 4472 Barlottae
562 4424 694 4473 invenimur
712 4423 845 4473 idereellurn
864 4421 1007 4472 Columnam.
