3192 4930
598 277 819 346 ...79-

96 493 157 540 uam
177 493 244 540 cum
259 473 391 558 reliquos
413 491 519 539 omnes
533 491 629 558 pagos
651 472 831 540 auctoritate
853 473 884 538 et
898 471 1033 557 primatu
1048 471 1227 540 antecellere
1244 469 1330 538 ride·

97 591 201 670 remini,
222 589 346 656 virtutis
368 609 438 656 vero
460 590 492 656 et
514 587 705 654 fortitudinis
728 608 764 653 ao
785 587 819 654 in
834 589 913 655 hanc
933 587 1078 654 Sanctam
1094 587 1203 656 Sedem
1226 589 1330 655 obser-

97 707 202 772 sentim
222 705 399 790 precipuum
428 723 538 771 nomen
561 703 747 785 obtineretis,
769 723 825 771 nos
848 703 942 770 etiam
964 705 1075 770 vestris
1104 705 1236 790 egregiis
1259 722 1331 789 ope-

97 821 167 886 ribus
189 823 289 888 vestra
318 840 373 904 ope
403 823 493 904 atque
516 819 628 886 auxilio
652 839 721 886 cum
744 821 777 885 iu
807 819 976 887 minoribus
1006 821 1166 904 coustituti
1195 839 1332 887 essemus

96 937 242 1020 aliquando
265 936 417 1002 sublevati
445 938 535 1020 atque
557 934 656 1002 adiuti
677 935 874 1021 gratissimae
903 935 989 1002 vobis
1018 937 1140 1002 nostroe
1163 935 1330 1002 voluntatis

96 1051 214 1119 officinm
236 1072 356 1137 semper
377 1051 602 1137 praesusumus
625 1071 722 1136 neque
747 1051 1010 1118 dissimulavimus
1033 1069 1089 1117 nos
1105 1051 1332 1118 lurricensium

96 1167 198 1234 nomini
219 1169 250 1234 et
264 1167 372 1234 virtuti
388 1167 554 1252 singularis
577 1167 806 1234 benevolentiae
822 1185 888 1234 esse
903 1167 1063 1234 debitores.
1093 1165 1228 1253 &umque
1243 1167 1332 1232 initio

95 1284 273 1364 pontidoutus
296 1283 395 1350 nostri
417 1283 550 1348 veterem
565 1283 808 1350 coniunctionem
831 1285 863 1350 et
884 1281 1053 1349 amicitiam
1076 1300 1153 1366 quae
1175 1281 1246 1348 huic
1262 1280 1332 1348 sus

97 1395 156 1463 Sedi
176 1399 226 1464 diu
241 1400 313 1464 ante
328 1399 484 1466 vobiscum
501 1399 714 1465 intercesserat
733 1400 765 1464 et
779 1399 867 1464 nobis
882 1418 953 1464 cum
968 1397 1084 1464 eisdem
1099 1397 1185 1465 uobis
1200 1397 1332 1462 mammo

94 1513 283 1580 intercedebat
299 1514 437 1580 stabilire
452 1516 484 1580 et
497 1533 640 1580 renovare
656 1513 880 1594 meditaremur,
896 1513 1029 1598 primum
1046 1513 1229 1598 apostolicae
1245 1510 1332 1578 Sedis

95 1630 188 1695 multis
217 1629 419 1696 incommodis
448 1630 479 1696 et
507 1629 740 1696 difficultatibus
770 1630 894 1695 attritae
923 1630 954 1695 et
981 1629 1146 1701 exhaustae
1175 1647 1247 1713 opes
1276 1646 1332 1694 uos

95 1745 270 1828 aliquantum
303 1745 496 1830 supersedere
532 1747 563 1812 et
594 1746 782 1812 commodius
818 1747 939 1829 tempus
971 1746 1126 1830 expectare
1161 1745 1332 1828 coegerunt

95 1858 187 1927 deiude
208 1862 312 1947 gravis
334 1861 388 1927 1116
410 1861 538 1926 nuncius
569 1860 707 1927 animum
730 1863 869 1927 nostrum
891 1861 1055 1946 percussit:
1085 1879 1139 1926 vos
1162 1861 1219 1926 tali
1241 1861 1332 1924 antea

94 1975 191 2042 vitute
212 1978 270 2044 tali
291 1977 326 2044 in
342 1975 451 2042 Sedem
475 1976 674 2060 apostolicam
696 1977 863 2043 reverentia
886 1976 943 2042 tali
965 1977 998 2042 in
1016 1976 1116 2042 Deum
1138 1975 1329 2059 omnipoten-

94 2091 147 2156 tem
161 2092 270 2158 honore
284 2093 398 2176 pietate
413 2091 560 2176 religione
574 2091 727 2176 praeditos
743 2092 943 2177 quorumdam
958 2091 1166 2176 improborum
1180 2093 1212 2156 et
1235 2090 1330 2156 scele-

95 2207 214 2274 ratorum
236 2207 389 2274 consiliis:
412 2207 465 2291 qui
487 2208 571 2292 leges
597 2207 711 2274 summi
726 2209 785 2275 Dei
807 2227 882 2292 quas
905 2207 966 2292 ipsi
988 2207 1087 2290 primo
1111 2207 1286 2290 spreverant
1301 2207 1332 2271 et

95 2321 250 2390 obiecerant
265 2323 352 2390 vobis
368 2342 484 2408 quoque
500 2322 685 2406 spernendas
700 2325 732 2389 et
745 2322 971 2407 posthabendas
988 2323 1158 2402 suasenrnt,
1176 2341 1194 2386 a
1210 2322 1332 2387 sanctae

94 2437 234 2521 religionis
257 2458 328 2505 vero
351 2439 434 2504 uultu
457 2458 475 2503 a
499 2440 673 2506 sanctorum
695 2437 817 2522 patrum
839 2437 992 2504 institutis
1015 2437 1046 2504 et
1067 2457 1086 2502 a
1108 2436 1258 2503 maiorum
1274 2436 1333 2520 piis

95 2569 124 2616 ac
143 2553 288 2638 religiosis
311 2553 458 2620 doctrinis
481 2553 708 2638 aliquantulum
731 2553 877 2618 abductos
901 2571 981 2619 esse:
1005 2555 1036 2620 et
1058 2553 1138 2637 quod
1153 2551 1241 2618 nobis
1264 2570 1332 2618 mo·

94 2666 189 2734 lestins
211 2670 406 2746 efferebatur,
434 2687 485 2736 eos
508 2669 562 2753 qui
583 2669 688 2753 iniqon
710 2669 861 2736 eiusmodi
882 2669 1010 2735 consilia
1031 2667 1118 2734 vobis
1141 2669 1333 2747 obtulissent,

96 2799 206 2850 suerum
227 2784 405 2868 opinionum
418 2784 585 2868 impiarum
608 2773 779 2868 protentum
802 2785 899 2851 aDeo
923 2786 1013 2868 atpue
1035 2785 1075 2850 ab
1097 2783 1254 2868 evangelio
1270 2783 1331 2849 im-

94 2897 300 2976 pudentissime
323 2919 457 2966 sumere:
486 2900 576 2983 quusi
598 2900 648 2965 his
671 2901 758 2966 novis
781 2899 997 2984 interpretibus
1020 2901 1157 2984 maligno
1180 2899 1333 2966 Sathame

96 3012 192 3094 spiritu
206 3014 366 3081 instructis
381 3034 416 3080 ac
427 3035 486 3081 non
501 3015 795 3099 gloriosissimorum
810 3015 933 3081 illorum
944 3015 1102 3082 doctorum
1116 3015 1332 3099 celestiumque

94 3144 241 3207 preconem
263 3148 339 3215 quos
363 3129 489 3214 spiritus
511 3129 571 3195 Dei
593 3133 717 3196 sanctus
740 3128 900 3196 edocuerat
922 3119 1154 3196 auctoritatibus
1177 3130 1279 3214 potius
1301 3131 1333 3195 et

95 3245 240 3311 sententiis
262 3246 365 3329 ipsum
388 3245 580 3329 evangelium
605 3245 647 3311 s't
668 3244 950 3330 interpretandum:
980 3245 1033 3330 qui
1054 3247 1265 3329 perpetuatum
1287 3246 1334 3310 tot

95 3353 148 3422 iam
175 3360 282 3426 seculis
313 3379 385 3426 suae
414 3360 569 3426 doetrinae
598 3360 690 3426 fidem
723 3379 784 3426 non
813 3361 1033 3446 probavissent,
1064 3359 1126 3426 uisi
1155 3379 1206 3426 eos
1230 3359 1334 3426 Sancti

96 3466 214 3552 Spiritus
236 3476 337 3560 gratia
351 3477 382 3542 et
404 3475 503 3560 gloria
525 3475 719 3542 illustrasset.
754 3475 814 3556 Qui
836 3495 908 3562 ergo
930 3476 984 3542 isti
1008 3477 1081 3543 sunt
1102 3475 1173 3542 novi
1196 3478 1333 3542 auctores

96 3589 231 3672 evangelii
252 3591 305 3674 qui
320 3610 374 3656 vos
397 3593 521 3676 gentem
536 3591 672 3658 nobilem
694 3593 725 3659 et
741 3591 1031 3659 christianissimam
1046 3593 1110 3659 Deo
1133 3591 1335 3677 omnipotenti

96 3701 122 3762 at
147 3705 236 3770 matri
262 3707 382 3772 restrae
411 3705 577 3774 catholicae
608 3707 751 3773 ecclesiae
780 3707 894 3790 eripere
924 3707 1131 3774 contendunt?
1161 3727 1260 3775 nonne
1282 3707 1335 3793 qu'i

98 3811 194 3884 laxatis
215 3821 419 3888 continentiae
434 3823 465 3888 et
488 3821 653 3906 pudicitiae
676 3821 771 3888 irenis
786 3823 999 3906 turpissimam
1023 3843 1110 3890 suam
1125 3823 1333 3909 intemperan-

97 3929 162 3997 tiam
183 3936 280 4002 verbis
305 3937 524 4023 scripturarum
547 3956 609 4004 non
632 3957 724 4004 sensu
742 3940 823 4005 recto
846 3940 948 4023 tegere
963 3941 1132 4005 conantur?
1154 3939 1207 4024 qui
1229 3957 1335 4026 pacem

97 4045 122 4109 et
140 4051 323 4117 concordiam
345 4071 438 4136 quam
461 4052 603 4120 dominus
634 4055 738 4119 noster
760 4052 852 4120 lesus
868 4051 1009 4120 Christus
1033 4054 1138 4120 abiens
1161 4054 1201 4120 ad
1215 4055 1333 4138 patrem

97 4161 227 4248 tauquam
242 4169 426 4236 testamento
441 4169 566 4235 coelesti
580 4168 757 4235 hominibus
773 4169 896 4254 legavit,
920 4189 936 4234 e
951 4169 1052 4236 medio
1068 4171 1204 4234 vestrum
1226 4170 1333 4237 tollere

98 4277 123 4340 et
142 4281 297 4349 seditiones
319 4283 499 4351 inimicitias
521 4285 655 4367 pericula
679 4285 829 4350 seminare
852 4284 1053 4351 contendunt:
1078 4283 1211 4368 quiquo
1236 4285 1331 4352 scele-

98 4409 154 4458 rum
175 4397 204 4460 et
224 4397 449 4482 turpitudinum
472 4417 597 4465 suarum
619 4399 717 4466 maior
740 4400 783 4465 sit
804 4400 868 4466 illis
886 4401 994 4486 parata
1016 4399 1151 4466 defensio
1174 4399 1277 4466 omnia
1299 4399 1334 4469 iu
