3192 4930
578 305 798 368 ..59„.

83 499 231 566 communis
260 499 424 566 consilium
453 499 492 564 ad
514 499 653 582 optutum
682 497 860 583 quandoque
890 497 982 564 mem
1011 494 1225 580 perducamus:
1255 493 1314 560 iter

84 619 168 682 subm
194 617 238 682 itu
267 633 395 700 peragas
427 615 461 680 ut
490 613 589 698 quoad
611 613 768 680 commodo
797 615 850 680 tuo
879 613 946 680 fieri
968 611 1087 696 poterit
1116 610 1204 676 nobis
1226 611 1314 675 tuum

84 733 218 814 espeetum
246 733 278 797 et
307 731 474 815 alloquium
503 729 694 814 cupientibus
724 729 816 795 sistas
840 731 870 794 te
894 728 1038 795 celeriter.
1083 723 1157 804 Nos,
1180 725 1240 792 etsi
1261 745 1315 810 per

84 847 182 912 litteras
203 847 337 931 primum
360 845 514 913 secretarii
537 845 635 912 nostri
661 845 768 911 deinde
790 847 880 911 reni·
901 843 1006 910 fratris
1021 841 1069 909 Jo.
1093 841 1210 908 Mathai
1230 840 1312 925 epis·

84 961 136 1046 aopi
148 961 328 1028 Veronensis
351 961 462 1028 dabrii
477 961 554 1028 item
569 961 666 1028 nostri
680 961 793 1027 instrui
816 962 847 1026 te
861 959 1008 1026 iussimus
1024 977 1100 1042 quae
1115 956 1197 1022 esset
1211 957 1316 1022 nostre

84 1079 106 1142 et
123 1095 207 1162 quarn
229 1077 335 1144 effecta
357 1097 444 1144 mene
468 1075 579 1144 studiis
610 1075 694 1161 pacis
717 1077 749 1142 et
771 1073 1022 1141 christianissimi
1045 1073 1127 1158 regis
1151 1071 1258 1138 honori
1281 1087 1316 1136 ac

84 1193 161 1276 ipsius
183 1194 315 1278 optimae
337 1195 368 1258 et
390 1191 646 1276 prudentissimae
668 1191 786 1270 matris,
816 1193 851 1256 ut
872 1190 936 1256 iarn
959 1191 991 1256 et
1013 1207 1158 1274 exponere
1181 1186 1315 1272 potueris

86 1307 244 1393 ubicumque
267 1307 410 1375 acciderit
431 1309 463 1374 et
486 1307 529 1374 sis
552 1307 741 1392 expositums
764 1308 859 1374 talem
881 1305 1019 1372 animum
1042 1307 1189 1382 nostrum,
1212 1303 1316 1368 tumen

85 1423 161 1489 etiam
189 1443 267 1490 nnnc
290 1427 321 1490 te
344 1423 483 1491 uolumus
512 1423 664 1490 monitum
694 1442 768 1500 esse,
799 1441 854 1488 nos
876 1421 922 1488 ita
943 1421 1086 1488 benevolo
1116 1419 1147 1485 et
1168 1436 1316 1504 propenso

85 1539 169 1605 ammo
190 1539 222 1606 in
244 1539 300 1607 hos
323 1559 397 1620 esse,
420 1541 456 1605 ut
477 1557 539 1605 non
560 1538 764 1606 acommunis
786 1537 884 1624 patris
907 1555 1035 1622 persona
1057 1537 1121 1604 eta
1144 1536 1217 1601 boni
1235 1552 1314 1626 pou·

85 1653 159 1720 tificis
181 1655 277 1722 officio
300 1655 507 1722 discedamus:
532 1655 611 1720 sicut
633 1657 668 1720 tu
690 1653 805 1740 optime
828 1653 865 1718 de
887 1653 984 1731 nobis,
1008 1652 1057 1718 cui
1080 1653 1190 1717 natura
1213 1651 1317 1715 nostra

86 1771 220 1854 perspecta
242 1771 298 1850 est
321 1773 406 1856 potes
436 1769 577 1838 iudicare.
623 1770 739 1836 Datum
771 1769 885 1836 Rornae
915 1767 963 1835 die
985 1788 1013 1834 v.
1036 1765 1177 1834 Jauuarii
1198 1763 1316 1830 mdrru.

86 1885 159 1950 luno
180 1885 316 1952 secundo.

665 2145 717 2212 43.

499 2309 690 2370 Archlducl
713 2311 890 2370 austriae.

159 2465 272 2532 Diaeta
295 2464 350 2531 hii
389 2463 512 2548 Optime
534 2482 623 2530 nosse
644 2463 709 2530 iam
731 2462 836 2530 debuit
858 2461 1003 2530 nobilitas
1026 2463 1080 2526 tua
1103 2459 1242 2526 animum
1257 2477 1313 2524 no-

87 2579 170 2646 stram
190 2581 422 2666 cupidissimum
445 2581 537 2665 pacis,
559 2579 646 2646 cuius
668 2579 713 2645 ita
735 2597 859 2664 presens
882 2577 1047 2644 necessitas
1070 2577 1118 2642 ast
1135 2578 1171 2642 ut
1194 2573 1259 2640 sine
1282 2593 1317 2640 aa

86 2693 249 2764 uhnstienae
271 2717 320 2763 res
344 2715 502 2763 occasurae
525 2695 699 2780 propediem
722 2696 903 2778 appareant;
927 2713 997 2758 cum
1020 2693 1122 2758 autem
1145 2689 1316 2756 videramus

86 2807 152 2875 hunc
162 2811 323 2880 Mediolani
339 2815 456 2878 statum
472 2831 596 2877 causam
611 2831 678 2878 esse
693 2809 870 2877 certaminis
885 2827 977 2894 prope
993 2807 1180 2892 sempiterni,
1196 2804 1314 2871 nullum

85 2923 164 2992 linem
185 2948 335 2996 armorum
359 2929 477 2995 nullam
501 2947 587 3011 spem
615 2927 699 3012 pacis
723 2925 817 2992 aliam
839 2923 1088 3008 intelligebamus
1111 2939 1204 3006 quarn
1228 2919 1255 2986 si
1277 2919 1315 2984 ad

85 3059 134 3122 aaa,
148 3064 268 3128 quorum
285 3063 381 3129 neque
395 3043 528 3128 impetus
553 3041 623 3108 sisti
638 3061 733 3127 neque
756 3040 895 3107 assiduae
918 3041 949 3106 et
967 3057 1084 3105 annuae
1106 3035 1317 3122 aggressiones

84 3163 195 3236 possunt
220 3161 389 3245 prohiberi,
419 3159 519 3225 delato
549 3159 605 3225 hoc
634 3159 744 3224 ducatu
768 3158 918 3241 reliquum
941 3154 1049 3220 Italiae
1079 3154 1197 3218 saluum
1227 3153 1316 3234 atque

84 3269 217 3342 incolume
237 3277 325 3344 nobis
349 3277 423 3341 item
447 3277 477 3340 et
500 3274 715 3341 adherentibus
738 3273 851 3340 uostns
881 3271 968 3338 fedus
991 3267 1176 3336 defensionis
1198 3265 1314 3330 facien-

84 3387 154 3454 tibus
169 3391 351 3460 firmaretur:
373 3391 431 3457 hoc
453 3409 508 3456 noe
532 3389 658 3456 consilio
673 3389 712 3455 ad
727 3389 920 3455 nobilitatem
943 3389 1028 3452 tuam
1049 3385 1194 3450 dilectum
1216 3382 1316 3446 lilium

85 3501 111 3567 P.
132 3503 359 3576 Salamauchem
382 3508 514 3574 actorem
537 3507 587 3572 hic
602 3509 699 3584 tuum,
722 3505 822 3570 vuum
845 3502 1033 3587 prudentem,
1057 3499 1199 3566 misimus
1223 3497 1258 3562 ut
1279 3497 1315 3575 is,

84 3615 227 3689 declaratis
248 3624 307 3690 tibi
325 3623 415 3690 rebus
439 3623 552 3690 nostris
567 3623 717 3699 omnibus,
734 3622 764 3687 et
787 3619 996 3686 incredibilem
1012 3617 1202 3683 debilitatem
1224 3614 1316 3679 huius

84 3727 143 3795 3³³⁸
164 3735 245 3806 Sedis
268 3741 300 3806 et
321 3739 505 3806 desiderium
529 3739 641 3806 mentis
665 3739 795 3815 nostrae,
824 3736 941 3802 iustum
964 3735 999 3800 ut
1020 3733 1171 3800 oredimus
1194 3731 1226 3796 et
1248 3748 1315 3796 om-

85 3847 162 3916 nibns
191 3857 328 3935 salutare,
358 3857 525 3941 exponeret.
573 3853 632 3922 Sed
655 3874 725 3920 cum
754 3853 866 3920 nesarci
896 3851 985 3918 duces
1015 3850 1117 3916 nullas
1146 3866 1257 3932 aequas
1287 3847 1317 3911 et

85 3968 253 4051 tenporibus
276 3973 476 4058 congruentes
500 3971 583 4054 pacis
599 3969 786 4036 conditiones
809 3967 1021 4044 admitterent,
1044 3964 1210 4031 destinavit
1225 3980 1315 4045 supe·

84 4081 199 4152 rioribus
222 4087 325 4154 diebus
349 4087 534 4154 Francorum
557 4107 607 4153 rer
629 4087 749 4170 partem
773 4084 821 4150 sui
842 4083 990 4149 exercitus
1013 4100 1072 4165 quo
1095 4078 1269 4146 abundabat
1284 4077 1317 4142 in

85 4217 198 4281 regnum
220 4201 456 4286 Neapolitanum
471 4203 608 4268 mittere:
632 4201 681 4266 oui
696 4220 751 4266 nos
774 4200 839 4266 eius
854 4198 981 4266 oonsilio
1004 4194 1226 4280 quoquomodo
1245 4195 1317 4258 tunc

84 4315 253 4397 obstitimus,
276 4337 336 4384 non
352 4317 446 4384 armis
462 4337 537 4402 quae
559 4337 614 4384 nec
635 4316 787 4401 pastorale
803 4315 937 4382 officium
960 4333 1016 4379 nec
1031 4311 1213 4397 apostolicae
1230 4309 1316 4376 Sedis

85 4427 250 4516 inpotentia
271 4433 358 4500 nobis
372 4432 578 4520 permittebat,
603 4431 656 4500 sed
671 4431 861 4518 argumentis
884 4432 915 4497 et
929 4427 1107 4508 rationibus,
1130 4425 1210 4511 quod
1228 4445 1317 4512 aegre
