3192 4930
640 233 840 296 -p..

124 426 208 494 ceteri
235 427 386 512 principes
414 428 558 495 humanis
588 426 769 514 quibusdam
799 425 945 510 madibus
974 425 1014 490 ad
1042 423 1235 492 nobilitatem
1264 423 1364 492 famae

125 545 290 624 ascendant
314 547 347 610 tu
370 545 409 611 ad
429 545 616 630 singularem
638 547 669 611 et
690 544 871 610 inusitatam
892 541 1014 609 laudem
1037 539 1201 608 celestibus
1223 539 1364 624 operibus

121 661 287 743 pervenisti
319 659 460 728 8111111111
484 664 532 728 111
546 667 668 746 tempus
683 680 744 726 non
766 661 870 726 ruinus
893 659 1074 725 damnosum
1089 656 1274 723 oimstianae
1291 655 1363 722 fidoi

121 795 206 860 quam
237 779 333 860 turpe,
364 797 422 861 quo
451 779 594 844 turbante
623 775 821 842 Germaniam
850 775 954 859 impiis
986 777 1017 840 et
1045 773 1148 859 pravis
1171 771 1363 857 opinionibus

120 891 253 969 luthero,
276 910 336 958 non
354 893 514 958 mediocris
530 893 562 958 in
578 892 738 958 animabus
761 891 897 957 fidelium
913 891 999 958 labes
1022 890 1102 956 lacta
1125 890 1180 970 est
1204 906 1262 974 quc
1279 889 1360 954 11111-

117 1024 182 1088 pore
205 1009 239 1072 tu
272 1025 341 1072 cum
370 1027 523 1074 armcmm
546 1007 763 1074 movendorum
792 1025 846 1090 pro
870 1006 940 1072 lidei
969 1005 1067 1072 tutele
1088 1004 1277 1072 occasionem
1301 1021 1362 1068 non

118 1121 249 1200 haberes,
272 1121 301 1187 ei
323 1123 543 1206 praestantiora
566 1122 659 1188 etad
682 1123 782 1188 simile
812 1142 887 1206 opus
910 1121 1149 1188 accomodaticra
1171 1120 1218 1186 tui
1246 1119 1363 1204 ingenii

117 1237 146 1301 et
159 1235 313 1302 doctrinae
336 1257 421 1304 arma
437 1239 582 1319 tribuisti,
605 1240 743 1323 libroque
765 1239 798 1304 in
813 1238 885 1304 tidei
903 1238 1088 1304 christianae
1103 1237 1362 1304 sacramentemm

116 1351 317 1418 defensionem
341 1354 453 1437 scripto
469 1373 504 1420 ac
520 1355 685 1439 divulgato,
707 1354 813 1437 impiis
834 1353 1037 1420 hereticorum
1059 1352 1218 1420 conatibus
1240 1349 1361 1418 obuiam

112 1467 202 1544 inisti,
226 1467 279 1551 qui
302 1467 424 1551 quidem
447 1471 525 1536 liber
555 1473 660 1535 sancto
683 1469 817 1534 dictante
841 1468 956 1553 Spiritu
979 1469 1024 1536 cis
1053 1469 1222 1536 luminibus
1244 1467 1362 1552 ingenii

113 1583 312 1666 scientiaeque
342 1587 470 1651 refertus
500 1587 556 1662 est,
586 1587 621 1650 ut
651 1585 740 1650 facile
770 1587 914 1669 appareat
942 1585 1091 1670 optimam
1120 1585 1261 1651 naturam
1284 1601 1360 1667 quo·

111 1726 236 1790 cumque
260 1723 292 1771 se
320 1703 446 1768 11111111
468 1701 508 1766 ed
530 1700 633 1766 omnia
655 1702 761 1784 aptam
792 1721 868 1780 esse,
898 1701 1046 1784 optimam
1079 1719 1148 1766 vero
1171 1698 1360 1766 voluntatem

111 1841 178 1887 curn
193 1821 253 1887 Dei
268 1838 322 1904 ope
338 1819 369 1884 et
390 1835 515 1882 munere
531 1816 563 1882 in
579 1815 697 1882 cunctis
712 1815 832 1881 felicem
848 1835 914 1882 1111
930 1818 961 1882 11
975 1815 1215 1882 fortunatiorem
1234 1813 1362 1898 Propter

112 1955 183 2020 quae
207 1936 309 2002 omnia
333 1934 459 2002 titulum
481 1932 572 1996 illurn
595 1931 809 2016 adcognomen
831 1931 902 1998 fidei
921 1931 1087 1998 defensoris
1111 1929 1269 1997 serenitati
1290 1929 1361 1995 tuae

111 2071 160 2135 per
176 2049 387 2136 supradictum
401 2048 643 2133 predecessorem
665 2049 804 2113 nostmm
823 2047 1004 2114 iustissimis
1027 2049 1059 2114 et
1073 2045 1215 2131 plurimis
1230 2045 1359 2111 rationi-

109 2169 161 2233 bus
185 2167 331 2246 semum,
361 2184 416 2231 nos
447 2183 564 2248 quoque
593 2163 626 2228 iu
655 2164 839 2246 apostolicae
869 2164 1032 2248 potestatis
1062 2160 1251 2247 plenitudiue
1278 2161 1362 2228 beati

109 2283 190 2348 Petri
220 2283 253 2348 et
273 2281 360 2346 illius
382 2279 447 2346 reri
470 2297 664 2358 successores
695 2299 730 2344 ex
753 2283 835 2344 certa
858 2281 986 2346 scientia
1009 2280 1040 2344 11
1062 2277 1183 2362 propria
1204 2276 1361 2342 voluntate

106 2399 210 2464 nestra
233 2395 436 2480 approbamus
459 2394 674 2460 confirmamus
696 2395 813 2480 tibique
836 2373 1016 2480 perpetuum
1038 2397 1069 2462 11
1084 2394 1240 2478 proprium
1263 2393 1358 2476 depu-

106 2515 218 2592 tamus,
242 2513 342 2578 Deum
364 2509 516 2594 optimum
538 2510 709 2576 marimum
730 2512 914 2577 seruatorem
937 2510 1086 2577 iustcmm
1109 2528 1217 2593 regum
1240 2507 1359 2591 suppli-

103 2611 187 2694 cibus
212 2627 293 2692 rotis
316 2625 511 2710 deprecantes
527 2626 563 2690 ut
584 2627 707 2691 tantum
731 2627 761 2692 et
779 2626 852 2693 fidei
875 2646 946 2694 suae
963 2627 1085 2692 sanctae
1108 2627 1174 2691 tam
1189 2623 1357 2690 beneficum

104 2763 206 2828 regem
231 2761 301 2808 curn
317 2741 460 2806 diuturna
484 2740 582 2806 salute
598 2742 629 2806 et
652 2741 715 2806 vita
737 2742 770 2808 in
792 2743 890 2827 ipsius
905 2743 1041 2809 consiliis
1064 2743 1095 2809 11
1110 2741 1200 2806 laetis
1215 2739 1357 2806 omnibus

103 2859 284 2936 secundans,
307 2856 345 2922 ad
360 2858 530 2922 extremum
545 2856 714 2922 immortali
737 2857 797 2923 sibi
811 2859 909 2942 gloria
928 2860 1034 2942 parata
1049 2857 1207 2942 largiatur,
1229 2857 1265 2921 ut
1286 2873 1357 2919 cunr

99 2975 209 3040 ceteris
233 2971 297 3038 tuis
319 2972 421 3038 t'tulis
444 2972 653 3057 prestantibus
676 2974 708 3038 et
729 2975 852 3058 maguis
874 2975 927 3058 pii,
950 2973 1082 3052 victoris,
1107 2991 1225 3056 semper
1247 2969 1354 3048 felicis,

100 3089 154 3154 lroc
184 3089 364 3174 precipuum
394 3089 426 3153 et
457 3088 625 3153 marimum
655 3088 727 3154 fidei
759 3089 926 3156 defensoris
956 3088 1047 3154 decus
1077 3089 1108 3154 et
1136 3107 1248 3154 nornen
1270 3087 1300 3152 te
1323 3085 1357 3152 in

98 3205 216 3270 coelum
241 3222 336 3286 usque
359 3205 391 3268 et
414 3203 452 3268 ad
474 3222 638 3287 perennem
660 3204 748 3269 illam
772 3205 994 3272 beatitudinem
1016 3203 1185 3270 comitetur.
1237 3202 1353 3267 Datum

97 3319 214 3387 Romae
237 3317 274 3384 iii
295 3317 441 3384 kalendas
459 3317 566 3384 Martii
587 3317 717 3385 mdnriv.
763 3319 852 3386 Anno
867 3319 974 3406 primo.
1021 3315 1083 3385 Sub
1106 3317 1191 3384 bulla
1205 3335 1304 3383 aurea.

713 3581 742 3646 6.

587 3745 674 3818 Regi
697 3745 856 3817 angliae.

184 3899 352 3965 Carissimo
374 3897 408 3962 in
423 3896 544 3964 01111111
567 3898 614 3964 fili
635 3899 745 3965 noster.
784 3899 824 3964 nt
847 3897 875 3964 si
897 3897 1042 3964 dilectum
1064 3897 1165 3964 tilium
1183 3897 1349 3964 Ricardum

93 4015 229 4081 Peaeum
251 4015 322 4078 tuae
345 4013 518 4079 serenitatis
533 4014 684 4079 craterem
706 4013 738 4078 et
751 4013 929 4079 videbamus
945 4015 976 4079 et
991 4011 1188 4079 audiebamus
1209 4011 1349 4092 libenter,

91 4130 171 4214 quud
195 4129 263 4196 eius
286 4129 431 4196 1111111111]
462 4149 497 4196 ac
519 4128 612 4195 fidem
634 4148 707 4214 erga
730 4129 768 4209 te,
798 4129 928 4195 aliorum
950 4128 1045 4194 etiam
1067 4127 1255 4212 temporibus
1278 4147 1348 4193 curn

90 4247 121 4314 in
154 4245 242 4312 alma
271 4246 345 4310 urbe
367 4244 440 4326 hac,
462 4245 531 4312 turn
561 4245 637 4310 alibi
665 4243 814 4312 initalia
845 4237 1026 4328 ubicumque
1049 4261 1119 4310 eum
1148 4244 1203 4310 tua
1224 4243 1348 4330 negotia

93 4363 228 4431 tractare
257 4359 386 4446 contigit
415 4361 491 4427 bene
519 4360 675 4446 cognitam
697 4378 776 4428 nuuc
803 4379 859 4428 uos
888 4359 949 4445 ipsi
974 4359 1214 4444 experiebamur;
1237 4359 1343 4426 tamen
