3192 4930
585 301 805 368 ..43.ω

92 494 209 560 densat
237 513 340 560 oerum
368 494 546 573 liberalitas,
569 496 600 560 et
626 493 751 578 plurimi
773 494 830 559 hac
853 513 906 576 spe
928 491 967 557 od
996 493 1117 558 stromm
1139 493 1170 556 et
1192 489 1322 556 fideliter

92 611 127 673 eis
153 609 370 676 insaniendum
400 611 500 676 acrius
529 609 700 676 incitentur.
746 609 835 674 Nunc
865 610 967 692 itaque
997 607 1107 674 dilecto
1138 607 1200 674 filio
1231 605 1320 670 Potrc

92 725 189 790 llcieic
211 724 284 790 dicti
306 725 433 790 ltanutii
455 727 562 809 nepote
584 727 731 809 cupiente,
747 723 779 790 id
801 723 880 808 quod
903 723 1017 790 iamdiu
1037 723 1120 806 cupit
1142 725 1174 788 et
1196 721 1321 786 molitus

94 843 141 916 ost
160 841 286 906 adscribi
309 841 347 906 ad
370 841 515 906 militiam
531 843 706 908 venetorum
730 841 877 924 etreliqua
892 841 930 904 ab
953 840 997 904 eis
1013 839 1140 904 honesto
1155 837 1323 920 proiectura

91 955 224 1040 insigniri,
247 977 317 1022 curu
339 957 432 1022 etiam
448 957 485 1022 do
501 975 604 1022 eorum
627 975 702 1040 erga
723 975 754 1022 ee
771 957 886 1040 optima
902 957 1057 1022 vuluntate
1074 973 1158 1038 spem
1175 971 1320 1036 magnam

91 1073 250 1155 conceperit
273 1073 387 1138 exitum
416 1073 519 1138 outoni
543 1073 660 1138 nullum
684 1071 782 1138 adhuc
805 1073 846 1138 sit
868 1073 1016 1154 expertus,
1041 1070 1181 1136 volumus
1204 1071 1235 1134 ot
1257 1067 1320 1132 ira-

91 1189 212 1252 tomitati
233 1191 303 1252 tuae
327 1187 516 1272 iniungimus
539 1189 583 1266 ut,
607 1191 745 1272 suscepto
775 1188 832 1252 hnc
862 1205 961 1264 cause,
984 1205 1105 1252 omnem
1129 1183 1322 1268 diligentium

91 1301 227 1380 adhibeas,
256 1303 435 1386 interposito
471 1303 564 1370 otiam
595 1303 717 1368 nomino
746 1305 777 1368 ot
801 1302 952 1368 declarata
981 1302 1072 1366 huius
1102 1301 1146 1366 rei
1175 1297 1323 1364 desiderio

91 1421 186 1492 uestro,
214 1419 293 1502 quod
322 1417 415 1484 etiarn
445 1419 494 1484 hic
516 1419 628 1484 crateri
650 1418 731 1502 apud
759 1436 814 1483 nos
837 1417 1020 1484 Venetorum
1050 1417 1156 1481 notum
1179 1413 1322 1480 fecimus:

90 1535 117 1597 ut
136 1533 256 1600 dilectus
278 1534 361 1600 filius
376 1533 488 1600 nubilis
503 1533 550 1598 vir
572 1534 631 1599 dux
646 1536 678 1600 at
692 1533 784 1600 ceteri
798 1553 833 1600 en
856 1533 982 1598 consilio
998 1533 1182 1598 Venetorum
1206 1529 1321 1596 dictum

91 1647 200 1714 Petrum
221 1649 374 1714 Alcieium
404 1649 442 1714 nd
467 1648 617 1733 stipendia
642 1669 696 1714 eua
719 1649 863 1714 accersire
886 1668 1014 1732 eumque
1036 1648 1137 1730 aliqua
1160 1645 1324 1710 honorifica

89 1761 231 1829 honestare
253 1763 430 1847 profectura,
453 1765 576 1848 eiusque
601 1763 692 1830 lidom
707 1783 828 1848 operam
850 1763 1063 1829 strenuitatem
1086 1762 1119 1828 in
1142 1781 1201 1845 qua
1224 1759 1321 1826 rualo-

89 1897 146 1942 ruur
166 1899 233 1946 eum
256 1899 379 1945 suorum
403 1880 536 1946 similem
560 1879 696 1946 futurum
720 1899 885 1962 operamne,
909 1877 1052 1944 adhibere
1075 1879 1165 1960 atquo
1189 1895 1322 1942 exercere

89 1991 217 2059 inrebus
240 1995 304 2060 suis
329 1995 440 2070 velint;
463 1995 542 2078 qucd
566 1996 638 2060 suut
660 1995 748 2060 nobie
778 1993 990 2078 gratissimum
1013 1993 1137 2058 tacturi:
1167 1993 1257 2074 atquo
1280 1989 1324 2056 ite

89 2125 188 2174 morem
216 2109 333 2190 gesturi
363 2113 398 2174 nt
426 2118 510 2176 cum*
525 2111 668 2176 similiter
698 2109 974 2176 commendationes
1004 2127 1056 2192 pru
1087 2108 1157 2172 aliis
1187 2107 1322 2189 intorpe-

90 2223 249 2304 susumus,
266 2225 335 2291 huic
351 2225 555 2309 potissimum,
578 2243 654 2309 quae
676 2243 729 2310 pro
745 2224 867 2290 homine
886 2225 974 2290 nobie
996 2225 1084 2308 gratu
1107 2225 1247 2305 suscepto
1269 2223 1324 2298 ost,

89 2339 230 2418 cupiamus
260 2345 291 2406 et
321 2343 391 2406 ete
421 2343 453 2406 et
475 2341 514 2406 ab
536 2340 599 2406 illie
630 2343 661 2406 ot
683 2339 775 2406 fidem
805 2339 937 2423 primam
966 2341 998 2405 et
1026 2339 1243 2406 liberalitatem
1267 2337 1322 2404 ad·

88 2449 189 2518 hiberi:
210 2455 242 2520 in
264 2455 321 2522 hcc
343 2455 435 2520 faciat
457 2456 634 2522 fratemitoe
656 2457 709 2521 tua
732 2475 797 2520 rom
819 2455 907 2522 nobis
930 2457 1119 2538 expectatum
1141 2457 1172 2520 et
1194 2455 1323 2536 gratam.

671 2837 722 2901 32.

511 3001 666 3059 Antonio
690 3000 880 3060 Fonsecae.

162 3151 276 3216 Dilecto
299 3151 345 3216 lili
368 3152 499 3217 salntem
522 3155 576 3217 etc.
623 3153 795 3236 Antequam
824 3153 944 3218 litterae
975 3157 1044 3218 tune
1067 3153 1154 3218 nobie
1185 3151 1320 3218 redditae

89 3269 185 3343 camut
200 3267 317 3332 obitum
334 3268 379 3332 bc.
397 3287 453 3332 ruo.
473 3267 576 3332 fratris
592 3268 637 3334 tui
663 3269 795 3353 opisccpi
818 3269 985 3353 Burgensis
1002 3269 1188 3346 nunciantes,
1211 3265 1243 3330 id
1257 3267 1319 3330 iam

86 3375 172 3445 lueret
193 3401 209 3446 a
232 3383 320 3447 nubis
343 3383 413 3448 aliie
444 3383 556 3448 litteris
578 3387 609 3448 at
631 3385 750 3450 nunciis
774 3385 939 3468 cognitum,
968 3385 1159 3468 graviterque
1181 3383 1319 3448 indolue-

87 3509 177 3560 remus
204 3500 241 3563 cb
272 3499 453 3564 memoriam
483 3499 631 3564 uirtutum
661 3501 754 3578 illius,
785 3505 930 3584 tuumque
959 3521 993 3565 er
1024 3499 1187 3565 amissione
1216 3499 1320 3563 fratris

86 3605 219 3690 dulcrom;
243 3633 350 3678 sumus
373 3615 454 3680 onim
484 3617 553 3680 tuae
583 3615 735 3681 devotioni
758 3617 866 3687 allecti,
895 3617 932 3681 de
962 3617 1046 3680 cuiue
1077 3616 1169 3680 etiem
1200 3615 1320 3692 virtute,

86 3723 224 3810 animique
245 3729 415 3812 prestantia
438 3731 574 3813 amplum
599 3751 717 3816 semper
740 3732 886 3798 iudicium
910 3733 1046 3797 fecimus.
1093 3731 1151 3796 Sed
1175 3717 1318 3812 quonlam

87 3837 136 3902 Ilei
156 3845 262 3908 summi
288 3846 426 3909 volrmtas
449 3845 533 3910 omui
557 3845 587 3910 iu
611 3867 642 3911 ro
665 3848 753 3912 uobis
777 3867 870 3931 aequo
893 3847 995 3912 aninlo
1019 3851 1066 3912 est
1090 3846 1219 3912 ferenda.
1244 3846 1317 3912 dum

87 3952 133 4016 ille
152 3959 186 4022 ab
208 3959 350 4024 humanis
373 3959 529 4025 discedens
560 3961 590 4025 id
621 3963 678 4026 lter
702 3965 840 4028 tenuerit.
865 3983 922 4046 qno
947 3963 995 4027 ria
1018 3963 1049 4028 in
1066 3963 1181 4028 coelum
1206 3961 1317 4026 directa

86 4073 136 4142 tat
161 4073 235 4156 quod
258 4093 313 4139 uos
337 4094 457 4158 sperare
480 4075 516 4140 do
540 4096 582 4142 eu.
612 4081 643 4142 et
666 4078 813 4142 confidere
837 4097 1008 4161 possumus,
1038 4097 1129 4154 murs,
1152 4097 1227 4160 quae
1251 4095 1318 4142 cru·

87 4182 166 4249 nitus
188 4190 355 4256 cummunis
379 4193 433 4268 oet,
464 4211 524 4258 nun
547 4197 595 4258 ost
618 4193 649 4258 iu
674 4213 732 4258 uuo
756 4194 808 4259 illo
838 4194 971 4276 graviter
996 4193 1132 4266 ferendu;
1164 4193 1215 4256 sod
1239 4192 1320 4256 ideru

88 4297 159 4363 lteus
180 4306 316 4383 orandus,
339 4308 374 4372 ut
396 4308 453 4372 hac
474 4307 523 4372 illi
542 4311 638 4374 morto
662 4309 779 4374 aditum
803 4309 954 4392 aperuerit
976 4310 1014 4374 ad
1038 4309 1133 4374 vitum
1157 4310 1319 4372 aeternam.

89 4411 166 4492 Quod
185 4439 251 4488 vcro
274 4421 313 4490 ad
336 4422 414 4490 bona
429 4425 460 4490 at
482 4443 530 4489 ros
553 4423 638 4492 illius
662 4423 781 4506 attinet,
805 4443 860 4491 uos
883 4425 916 4490 in
938 4425 1034 4491 tantis
1049 4423 1163 4492 nostris
1186 4425 1218 4490 at
1233 4421 1320 4497 estre
