3128 4908
559 313 801 381 -283-

643 539 717 608 213.

221 703 416 766 casimirus
438 705 576 765 March.
598 705 931 778 Brundeburgensis
954 703 1137 764 Clementi.

502 815 589 902 (Litt
605 816 699 900 princ.
715 814 756 881 IL
772 812 861 900 294).

516 931 582 1018 (12.
597 932 715 1016 Aprilis
733 930 842 1020 1524).

143 1091 326 1158 Beatissimo
341 1091 374 1157 in
389 1091 511 1158 Christo
526 1093 619 1160 Pater
640 1095 672 1160 et
686 1093 808 1160 domine
823 1091 944 1159 domine
960 1089 1206 1159 clementissimo.
1229 1093 1305 1160 Post

69 1207 164 1276 devoto
184 1209 295 1294 mum
319 1210 423 1275 oscuis
445 1209 604 1275 matorum
618 1209 828 1275 humillimam
850 1207 1144 1276 commendationem
1159 1227 1228 1274 oum
1246 1227 1302 1294 pa·

69 1325 210 1392 ratissimo
232 1325 336 1392 animo
358 1326 392 1392 in
415 1325 547 1411 singuiis
577 1325 770 1412 obsequendi
807 1325 949 1392 Intellexi
974 1325 1113 1410 pluribus
1136 1326 1258 1411 scriptis
1274 1328 1305 1392 et

69 1441 240 1510 testimoniis
261 1442 308 1510 ili
330 1441 478 1528 principis
501 1441 605 1509 fratris
620 1444 682 1510 moi
705 1441 879 1509 charissimi
900 1442 1018 1510 demini
1039 1441 1170 1510 Josnnis
1183 1443 1305 1510 Albsrti

67 1557 237 1625 montionis
275 1557 611 1644 Brandemburgonsis,
657 1562 770 1645 quanta
808 1560 909 1645 gratia
946 1561 977 1627 ot
1014 1561 1117 1627 fovere
1155 1560 1303 1626 sanctitas

67 1675 152 1740 retra
183 1673 324 1742 eumdem
356 1677 447 1760 atque
476 1676 571 1742 olium
600 1677 728 1743 tatem
756 1695 859 1744 noum
889 1675 1046 1744 dominum
1077 1675 1303 1762 Oyumpertum,

67 1788 175 1858 deveas
197 1792 280 1859 filios
296 1809 367 1858 suos
389 1793 422 1858 ot
443 1792 610 1859 familiares
625 1795 831 1879 prosequatur.
854 1791 931 1860 Onm
946 1793 1086 1878 precipuo
1108 1793 1213 1860 omem
1229 1813 1302 1860 son·

66 1907 145 1974 editas
179 1909 281 1975 vesus
319 1908 520 1976 coedintcrios
559 1910 630 1976 illas
662 1909 937 1995 Magdeburgonsis
967 1929 1003 1976 sc
1041 1909 1303 1978 Holborststensis

66 2023 248 2090 solearum
270 2043 324 2109 pro
346 2025 466 2091 Joanno
488 2025 614 2092 Alborto
636 2025 732 2091 fratre
753 2043 822 2092 moe
844 2025 998 2110 praedicto
1020 2025 1058 2092 de
1081 2024 1206 2110 speciali
1228 2044 1301 2091 son-

66 2137 170 2206 ctitotis
192 2141 312 2206 vestm
334 2133 413 2207 done
435 2141 567 2226 benigno
589 2141 750 2221 roboravit
773 2141 930 2225 eidemque
951 2141 1037 2207 iuxta
1059 2143 1194 2209 tenorem
1217 2160 1302 2208 eom·

65 2255 212 2336 positionis
242 2257 325 2323 dam
355 2275 413 2340 que
441 2255 519 2322 alias
542 2256 641 2323 exolvi
669 2275 780 2342 equum
803 2275 838 2323 ac
859 2255 997 2324 debitum
1025 2257 1143 2336 fuisset,
1170 2257 1304 2341 gratiose

66 2369 239 2450 condonarit,
255 2371 305 2438 oui
320 2372 413 2438 etiarn
422 2374 521 2438 vostro
537 2372 711 2438 sanctitatis
726 2373 765 2438 cb
780 2370 917 2438 eiusdem
924 2372 1079 2458 insignem
1093 2373 1218 2458 pietatis
1233 2373 1302 2438 ani·

67 2503 140 2552 num
155 2487 185 2556 iu
202 2487 314 2554 iratres
337 2505 429 2566 moos,
445 2489 535 2572 atque
550 2488 624 2555 adeo
639 2488 672 2554 in
687 2507 809 2555 omnem
824 2487 976 2555 familiam
991 2490 1137 2568 nostram,
1153 2489 1303 2556 maximas

66 2619 129 2682 qnos
148 2621 273 2686 possum
296 2621 354 2688 ago
378 2605 409 2668 ot
427 2603 523 2670 habeo
546 2603 663 2688 gratim
686 2603 860 2670 humillimo
882 2605 913 2670 ot
935 2602 1142 2671 devotissimis
1163 2603 1303 2689 precibus

66 2715 222 2798 obsonum,
238 2717 318 2803 quod
334 2718 440 2786 eadem
456 2739 479 2784 s.
495 2739 522 2785 v.
538 2737 592 2803 pro
608 2737 663 2784 sua
678 2737 827 2804 propensa
840 2720 873 2786 et
886 2719 1023 2804 gratiosa
1037 2719 1070 2785 in
1084 2719 1194 2786 irenes
1209 2738 1302 2798 meos,

66 2832 92 2894 et
110 2851 177 2917 argu
198 2853 305 2901 omnes
327 2853 383 2900 nos
406 2834 443 2900 de
466 2835 555 2902 domo
571 2835 839 2920 Brandeburgensi
861 2835 958 2902 animi
976 2836 1133 2901 voluntas
1154 2836 1186 2902 ot
1207 2836 1301 2902 bone-

67 2945 180 3026 ioentia,
195 2968 256 3016 uon
272 2950 377 3035 pigeat
392 2949 425 3015 in
441 2952 533 3016 anea
548 2949 663 3016 diutius
678 2969 876 3034 perseverare,
893 2949 1072 3034 eosdemque
1093 2950 1204 3017 fratrm
1218 2969 1302 3017 moes

67 3079 241 3148 summopore
264 3065 492 3132 commendatos
515 3066 626 3131 habore
641 3066 723 3133 velit
769 3064 834 3146 Quo
856 3065 959 3132 omnio
978 3085 1039 3132 uuo
1054 3065 1132 3132 meis
1154 3084 1215 3131 uon
1236 3067 1304 3131 tam

67 3173 195 3245 tatibus
218 3179 387 3264 praedictis
409 3199 501 3264 quom
525 3181 652 3248 motoris
682 3181 828 3247 fratribus
851 3183 941 3266 atquo
963 3180 1096 3248 dominis
1118 3182 1150 3246 et
1172 3199 1301 3247 consan-

67 3291 171 3372 geneis
193 3295 272 3360 meis
295 3294 437 3362 omnibns
460 3295 507 3361 uti
530 3296 688 3363 sanctitati
709 3298 828 3363 vestae
850 3298 882 3363 ot
903 3296 1039 3364 eiusdem
1063 3295 1192 3363 Sanctae
1215 3295 1302 3363 Sedis

69 3409 216 3489 apmlieo
247 3410 440 3477 devotissimi
468 3412 500 3477 et
521 3410 764 3480 obedientissimi
786 3411 845 3478 filii
871 3411 1062 3478 studebimus
1084 3411 1246 3479 indefessis
1269 3413 1300 3478 et

66 3523 254 3601 pntsemis
276 3526 430 3611 obsequiis
452 3528 567 3594 nostris
591 3527 694 3595 sedulo
709 3528 883 3613 promereri,
907 3527 1035 3594 eandem
1057 3547 1084 3594 v.
1101 3545 1194 3612 apro
1217 3525 1301 3593 felici

68 3636 197 3720 rogimm
219 3641 365 3710 ecclesiae
381 3661 434 3708 sue
457 3645 560 3710 saneto
576 3661 686 3710 sanum
702 3645 733 3709 et
747 3643 933 3710 incolumem
956 3643 1057 3710 vivere
1080 3644 1225 3728 exoptans
1249 3663 1303 3727 por

67 3751 186 3839 temporo
206 3759 346 3842 longera
391 3757 447 3824 Cui
461 3777 511 3826 me
533 3759 564 3825 et
579 3758 688 3824 statos
703 3777 788 3825 moes
804 3778 909 3826 omnes
923 3758 1098 3826 humillime
1112 3757 1302 3836 commendo,

67 3864 101 3932 id
119 3873 213 3940 esee
234 3891 304 3941 moe
327 3871 545 3958 Onolhspacht.
568 3873 745 3941 duodecima
761 3872 887 3958 Aprilis.
932 3873 1021 3940 Anno
1045 3873 1171 3940 Domini
1192 3871 1296 3938 millo-

68 3981 132 4050 simo
151 3986 298 4072 vigesimo
321 3990 438 4073 quarto.

951 4103 1104 4172 Obodiens
1127 4102 1210 4168 filim

142 4333 303 4404 Geoimirus
334 4335 469 4403 marchio
499 4335 828 4422 Brsndombnrgensis
861 4333 986 4415 Statim,
1019 4332 1198 4404 Pomesanio
1230 4331 1298 4420 dur,

66 4441 281 4538 incautiusque
305 4449 552 4538 Nurnbergensis
577 4469 613 4518 ao
636 4450 736 4538 Regio
759 4450 909 4538 princeps.
