3132 4910
789 295 1034 362 ,306-

289 489 396 557 mitim
420 489 579 556 nobiscum
603 489 729 573 agerent
751 487 932 556 admonitos.
967 486 1102 572 Cumque
1124 487 1231 572 paucis
1253 489 1324 554 ante
1345 487 1437 553 diebus
1454 487 1498 553 eis-

288 606 358 672 dem
380 604 508 672 ducibus
531 622 584 688 per
598 603 768 670 auditorem
790 623 879 670 cause
902 603 959 670 sub
981 603 1176 688 gmsbsimis
1199 603 1286 688 penis
1308 623 1346 671 ne
1365 603 1499 670 motione

288 721 406 806 aliquas
428 719 462 785 in
483 736 540 784 nos
562 717 724 803 prediaque
745 719 851 785 nostra
879 719 1070 802 imponerent
1092 721 1175 784 esset
1198 719 1372 798 inhibitum,
1391 719 1433 784 bis
1451 737 1499 782 on-

288 838 379 903 nibus
401 835 480 915 irati,
504 834 700 919 sperabamus
723 834 786 901 tore
808 837 844 903 ut
865 835 956 901 duces
979 836 1017 901 ab
1040 835 1162 901 iniuriis
1178 835 1393 920 aliquantisper
1411 837 1501 918 tempe

287 953 398 1030 rarent,
420 953 452 1016 et
472 950 561 1017 nobis
580 949 743 1034 aliquando
765 953 897 1017 extreme
920 949 1043 1016 afflictis
1059 951 1207 1034 respirem
1229 951 1349 1026 liceret:
1370 950 1417 1017 sed
1434 950 1501 1032 louge

289 1085 374 1133 secus
405 1085 440 1132 ac
468 1065 573 1132 miseri
606 1065 807 1149 opinabamur
837 1065 946 1132 euenit
1000 1065 1070 1132 Hiie
1099 1085 1231 1151 namque
1255 1067 1394 1133 omnibus
1419 1065 1503 1150 spreto

288 1181 430 1266 omnique
452 1180 568 1246 calcate
582 1177 741 1260 modestia,
764 1179 930 1247 adversarii
952 1180 1119 1247 immanius
1137 1182 1235 1248 multo
1257 1199 1350 1267 quam
1371 1179 1502 1246 entend

287 1297 348 1363 liue
370 1296 415 1363 rei
436 1295 542 1360 habita
570 1295 688 1362 ratione
716 1295 872 1362 ferociunt.
918 1297 1031 1362 Parum
1061 1295 1139 1380 ipsis
1161 1299 1210 1362 eet
1238 1295 1371 1381 patriam
1397 1299 1504 1362 uosbuu

288 1413 472 1490 devastasse,
494 1409 643 1490 ciuitates,
672 1429 757 1477 arces
780 1431 815 1477 ac
838 1411 929 1477 villas
958 1412 1134 1478 innumeras
1165 1431 1336 1496 occupasse,
1365 1411 1505 1478 audebam

288 1529 427 1595 nostum
457 1526 491 1592 in
512 1527 637 1592 exilium
654 1527 763 1611 egisse,
788 1526 969 1612 sanguinem
991 1526 1120 1611 denique
1142 1527 1300 1593 innoxium
1322 1531 1354 1595 et
1375 1547 1438 1595 oum
1455 1527 1507 1610 qui·
1530 1499 1531 1578 l

288 1645 358 1711 dem
374 1641 575 1709 christianum
591 1641 733 1708 atrociter
748 1641 879 1709 fudisse:
902 1643 964 1708 nisi
986 1643 1080 1709 etiam
1096 1641 1231 1726 prediola
1246 1645 1353 1709 nostra
1374 1641 1508 1709 admodm
1531 1602 1532 1666 ¹

288 1777 383 1845 pauca
413 1757 451 1823 ad
480 1756 620 1823 divinum
649 1757 766 1823 cultum
796 1759 827 1823 et
848 1757 965 1824 vietum
990 1758 1040 1824 rix
1069 1758 1261 1837 sufficieutia,
1288 1757 1534 1840 reverendissimo,

289 1873 437 1941 cardinali
459 1871 640 1956 Mogontino
663 1891 699 1938 ac
721 1871 852 1957 Georgio
876 1871 1004 1939 Saxonis
1026 1873 1100 1940 duce
1123 1874 1168 1939 sic
1190 1873 1270 1940 inter
1291 1875 1421 1958 prefatos
1440 1873 1510 1937 duce
1534 1908 1535 1928 r

289 1994 321 2059 et
342 2010 398 2057 nos
414 1986 673 2072 componentibus,
690 1987 778 2055 nobis
801 2006 872 2072 egre
887 1988 995 2055 relicta
1016 1989 1138 2073 penitus
1154 1989 1310 2072 diripiunt
1341 1988 1510 2055 Medietatem
1535 2010 1536 2022 ¹

288 2123 419 2190 namque
441 2103 579 2170 omnium
603 2103 756 2170 nuceum
781 2104 841 2169 sibi
856 2103 1026 2184 vendicant,
1050 2106 1081 2170 et
1102 2104 1183 2188 quod
1198 2104 1351 2189 reliquum
1373 2107 1418 2171 est
1437 2103 1512 2168 tende
1536 2112 1537 2128 ¹

287 2220 493 2288 exactionibus
515 2219 545 2285 et
575 2217 668 2284 datiis
696 2221 827 2303 gravent
856 2240 897 2286 un
919 2219 999 2285 nibil
1021 2219 1069 2286 vel
1098 2238 1208 2305 pamm
1230 2220 1302 2286 iude
1331 2220 1371 2287 ad
1398 2221 1512 2286 nostran
1537 2213 1538 2240 ¹

287 2357 377 2404 usum
400 2334 548 2402 deveniat.
594 2331 659 2414 Quo
682 2333 718 2400 fit
741 2335 818 2400 bmo.
843 2337 928 2418 pater
950 2337 986 2400 ut
1008 2333 1163 2401 diuturnis
1185 2335 1325 2402 cladibus
1347 2333 1475 2402 mbeusti
1492 2345 1513 2395 cr

289 2471 409 2520 summa
424 2451 560 2536 egestate
574 2448 756 2529 laborantes,
780 2469 815 2516 oo
831 2449 1025 2516 miseriarum
1048 2450 1258 2517 devenerimus
1281 2453 1317 2516 ut
1337 2449 1456 2536 plurimi
1471 2467 1513 2512 uo-

288 2571 387 2634 strum
409 2567 466 2632 bas
481 2563 606 2631 eudem
630 2565 716 2631 sedes
739 2567 770 2632 et
785 2565 945 2632 ecclesiam
968 2565 1043 2632 olim
1065 2565 1220 2651 insignem
1235 2566 1373 2634 deserere
1393 2583 1515 2650 cogamur

287 2684 336 2750 vel
363 2681 465 2748 inedia
493 2682 525 2746 et
553 2680 634 2747 fame
668 2681 756 2746 nobis
786 2681 972 2765 pereundam
1004 2681 1053 2746 sit.
1100 2681 1257 2747 Provoluti
1286 2682 1383 2766 igitur
1408 2681 1515 2766 pedibus

285 2795 484 2866 beatitudinis
507 2797 606 2862 vestre
637 2796 676 2862 ad
699 2814 792 2880 quam
820 2815 914 2863 uuam
936 2796 1041 2862 iubis
1071 2797 1225 2881 augustiis
1248 2798 1337 2865 vobis
1365 2796 1515 2882 pertingiunr

284 2916 340 2992 cet,
369 2931 491 2979 oramus
514 2931 549 2977 ac
580 2930 672 2996 quam
702 2931 864 2998 possumus
895 2911 1069 2978 humillime
1099 2930 1152 2994 por
1181 2912 1307 2979 vumera
1337 2909 1516 2996 redemptoris

285 3026 382 3094 nostri
408 3027 601 3094 obsecramus
628 3028 664 3092 ut
693 3045 763 3092 cnm
794 3026 859 3093 siue
888 3027 1025 3110 exemplo
1052 3027 1085 3092 in
1113 3044 1169 3093 nos
1200 3028 1333 3093 scritum
1363 3029 1416 3107 sit,
1444 3045 1516 3110 opor·

284 3143 368 3210 tanis
391 3140 514 3209 taudem
537 3141 680 3208 remediis
703 3141 791 3207 nobie
807 3141 958 3207 maturius
982 3141 1187 3220 subveniatur,
1210 3159 1307 3227 neque
1331 3163 1354 3208 e
1370 3162 1396 3208 v.
1418 3141 1517 3208 melun

284 3259 341 3326 boc
363 3256 458 3324 latius
482 3275 599 3340 serpere
622 3275 718 3340 neque
741 3275 796 3323 uos
819 3257 924 3341 utique
948 3255 1140 3322 Christianos
1163 3257 1288 3323 ecclesie
1304 3257 1439 3324 Romane
1458 3256 1517 3320 obe

285 3373 503 3450 dicatissimoe,
526 3371 606 3437 nibil
627 3372 690 3438 tale
713 3371 839 3438 meritos
862 3371 1039 3438 christianis
1069 3372 1164 3438 armis
1187 3370 1282 3438 deleri
1304 3373 1446 3457 patiatur.
1485 3369 1519 3435 lit

284 3489 409 3555 tandem
431 3505 504 3570 pace
527 3490 558 3552 et
580 3487 805 3572 tranquillitate
834 3487 924 3554 nobis
947 3485 1065 3552 reddita
1087 3489 1118 3552 et
1149 3487 1293 3554 beneficio
1316 3489 1348 3555 et
1370 3507 1439 3554 cura
1459 3487 1518 3552 bea·

284 3602 428 3671 titudinis
452 3623 478 3668 v.
502 3601 559 3668 bac
582 3601 740 3668 teterrima
763 3601 917 3668 tirannide
946 3600 1069 3668 liberati
1092 3603 1189 3668 securi
1215 3601 1254 3668 ad
1276 3602 1336 3669 Dei
1364 3603 1479 3669 budam
1497 3613 1520 3662 er

283 3719 409 3786 ecclesie
424 3717 560 3784 Romane
583 3717 715 3821 gloriam
737 3735 826 3802 agere
841 3717 1011 3803 possimus;
1034 3737 1093 3802 qno
1117 3717 1266 3784 muctitas
1288 3719 1391 3783 vestra
1412 3714 1521 3784 ecclesa

283 3839 385 3902 nostre
409 3834 524 3900 statum
553 3852 590 3898 ac
619 3833 796 3900 libertatem
819 3851 881 3898 non
904 3833 1002 3898 solum
1032 3851 1224 3917 recuperasse
1250 3832 1304 3898 sed
1326 3832 1364 3899 de
1385 3851 1460 3899 noso
1480 3831 1519 3894 in·

283 3953 436 4017 stauraese
458 3948 566 4014 merito
589 3946 765 4031 predicetur.
794 3947 868 4026 Nos,
891 3947 971 4032 quod
1000 3947 1188 4014 incessanter
1210 3949 1243 4014 et
1264 3949 1374 4014 merito
1397 3949 1520 4014 brimus

282 4067 381 4134 Deum
404 4064 543 4149 precibus
566 4061 791 4130 ardentissimis
814 4062 946 4147 fatigare
969 4081 1029 4128 uon
1053 4063 1236 4129 desistemus
1257 4064 1294 4128 ut
1315 4063 1521 4129 beatimdincu

282 4183 416 4249 vestram
439 4179 478 4245 ad
500 4179 638 4245 omnium
653 4177 711 4244 Dei
734 4177 933 4244 ecclesiarum
956 4178 1122 4245 tuicionem
1137 4196 1172 4244 ao
1195 4177 1411 4258 defensionem,
1433 4179 1522 4244 nosue

283 4301 385 4363 autem
415 4295 528 4361 afflicte
558 4296 590 4360 et
619 4292 836 4378 propemodum
867 4291 984 4376 perdite
1013 4293 1271 4378 recuperationem
1301 4311 1410 4360 sanam
1432 4296 1463 4361 et
1482 4291 1522 4358 iu·

283 4411 432 4474 colurnam
456 4409 591 4490 tempera
607 4427 659 4490 pcr
674 4407 811 4491 longiore
827 4425 1003 4474 conservare
1027 4407 1176 4494 dignetur.
1215 4407 1341 4476 Orsines
1357 4412 1522 4478 ecclesiam
