3132 4910
770 269 1014 344 ..ppp-

264 465 466 551 involvantur,
489 465 548 539 luit
568 467 644 540 haee
666 487 718 539 ora
740 471 804 540 iam
832 471 1066 559 quadriennium
1095 469 1178 560 (Diis
1200 467 1385 559 volentibus)
1414 467 1486 559 posti·

263 589 362 656 leneia
384 589 490 656 aoerbe
511 589 641 666 affliota;
664 609 745 657 nuno
758 608 828 656 vero
850 589 1005 656 inauditae
1019 590 1140 656 telluris
1156 589 1319 669 sterilitas3
1341 590 1488 674 superuenit

263 704 408 772 militaris
435 705 610 789 importune
638 706 801 790 oppressio,
823 707 946 773 tantum
969 725 1122 772 armorum
1144 707 1241 772 terror
1263 706 1415 791 furtumque
1435 724 1486 772 oon·

264 820 365 888 dietus
387 820 494 888 horror
521 822 637 905 utque
659 838 715 886 nos
744 823 899 888 vertamus
924 819 999 908 (nisi
1020 821 1093 906 quid
1115 821 1169 888 Dii
1190 820 1370 909 respiciunt)
1391 821 1487 906 penitus
1544 853 1545 884 r

263 936 439 1021 ignoremus
461 955 498 1004 se
519 936 700 1003 nesciamus.

354 1050 453 1134 Quare
468 1052 623 1138 provincia
645 1051 734 1120 nobis
750 1053 937 1119 eontermina
961 1053 1023 1118 ianr
1038 1071 1162 1137 prorsus
1177 1052 1296 1138 perdita
1319 1053 1397 1120 nihil
1411 1052 1487 1136 magis

263 1187 356 1253 quam
371 1167 463 1235 huius
478 1168 617 1234 venasmi
638 1168 802 1234 semitatus
817 1169 1060 1236 devastationem
1075 1172 1107 1234 et
1121 1169 1285 1236 mulierum
1302 1171 1404 1254 stupra
1418 1167 1487 1254 (quod

263 1285 317 1350 tua
340 1283 479 1368 dignatio
501 1285 533 1350 et
555 1283 607 1350 Dii
639 1283 834 1370 prohibeant)
864 1284 952 1351 nobis
982 1283 1153 1352 timendum
1183 1286 1238 1351 est
1285 1285 1393 1369 ltaque
1419 1301 1487 1368 quau

263 1399 490 1466 modestissime
518 1418 671 1484 rogemus,
699 1418 716 1466 o
739 1399 874 1484 pontifex
890 1419 1017 1478 summe,
1040 1419 1078 1466 ne
1101 1399 1295 1484 synceritatis
1318 1401 1396 1478 tuse,
1423 1397 1488 1464 nobis

262 1515 307 1581 ita
330 1515 523 1600 sperantibus
546 1515 627 1581 desit
648 1514 805 1582 auxilium.

352 1631 498 1716 Velisque
527 1631 615 1698 nobis
638 1630 718 1714 apud
748 1629 941 1698 maiestatem
971 1631 1052 1716 regis
1075 1629 1248 1697 Gallienam
1276 1632 1369 1716 atqua
1394 1627 1489 1696 aduersi

262 1746 409 1813 exereitus
432 1746 539 1814 durem
561 1745 646 1812 breui
669 1745 782 1830 seripto
809 1745 1019 1812 emmenuere
1041 1765 1080 1812 ne
1101 1748 1188 1831 parte
1210 1747 1335 1812 viatrioe
1358 1765 1408 1813 seu
1428 1745 1488 1810 rior

262 1861 416 1929 hostiliter
437 1863 508 1928 tuse
523 1861 648 1928 ditionis
671 1861 836 1928 semitatus
851 1861 1041 1929 Venasoinus
1064 1862 1211 1946 spolietur
1232 1862 1429 1947 praedamque
1441 1861 1488 1925 in·

261 1977 322 2062 piis
344 1976 497 2044 militibus
519 1977 638 2044 existet.

352 2091 437 2174 Quod
460 2092 633 2160 obtinentes
656 2093 690 2159 in
718 2093 809 2159 boras
833 2093 935 2178 magle
957 2094 1048 2178 atque
1077 2091 1178 2177 magis
1201 2091 1241 2158 ad
1264 2112 1414 2158 summum
1434 2109 1487 2156 ou·

262 2207 348 2274 nium
370 2227 472 2274 rerum
494 2209 613 2292 patrem
635 2209 769 2274 humiles
790 2227 893 2293 preses
923 2207 1037 2293 iugiter
1058 2207 1220 2275 hudemus
1244 2227 1282 2274 ne
1306 2208 1354 2272 sni
1375 2203 1488 2272 numina

261 2323 423 2392 elementis
438 2322 626 2391 Clementem
649 2324 776 2390 deseret.
800 2323 885 2390 Vale.
908 2321 1118 2408 Carpentorati
1139 2322 1238 2408 pridie
1259 2339 1356 2389 nonas
1378 2321 1488 2387 serulus

852 2587 925 2652 221.

511 2748 686 2812 Consules
708 2752 976 2812 Avenlonenses
999 2749 1171 2810 Clementi
1193 2750 1268 2812 vn.

697 2859 784 2946 (litt
806 2859 900 2944 prino.
923 2860 963 2926 11.
987 2858 1076 2948 255).

729 2974 773 3061 (i.
787 2975 921 3060 Augusti
938 2974 1048 3062 1524).

347 3137 529 3222 Aoeepimus
542 3135 719 3204 beatissime
732 3137 827 3221 pater,
841 3135 1056 3204 comitatenses
1064 3135 1160 3203 rostri
1168 3136 1333 3204 munitetus
1342 3131 1488 3220 Venapsiui

258 3252 360 3319 neseio
382 3252 456 3337 quid
478 3251 549 3318 novi
571 3251 694 3318 molitos
716 3251 811 3318 trisse
834 3269 907 3336 erga
929 3271 953 3318 s.
969 3271 996 3317 v.
1012 3255 1117 3318 oonha
1131 3251 1247 3320 Judeos
1269 3253 1425 3321 insolentes
1442 3247 1487 3312 di·

258 3369 342 3434 etum
357 3369 546 3448 semitutum,
568 3387 606 3433 ne
622 3367 739 3434 seilicet
754 3385 772 3432 a
788 3368 887 3434 oetsro
904 3366 1033 3433 mereari
1047 3367 1167 3452 possint
1189 3370 1220 3435 et
1234 3368 1273 3436 ad
1289 3379 1488 3454 quonamque

256 3486 396 3550 nostrum
425 3484 656 3551 eomitatensem
685 3483 746 3568 ipsi
768 3483 805 3549 da
827 3482 889 3549 hiis
912 3483 945 3549 iu
968 3483 1079 3567 quibus
1102 3483 1166 3550 illis
1196 3485 1339 3551 tenentur
1360 3483 1396 3549 sd
1414 3478 1486 3546 solu·

255 3599 369 3666 tionem
393 3599 461 3685 eogi
483 3619 544 3666 non
565 3598 699 3683 possint;
732 3598 812 3683 quod
836 3598 863 3663 si
886 3598 1076 3665 obtinuerint
1097 3599 1137 3664 ab
1160 3618 1184 3666 e.
1206 3619 1230 3665 s.
1246 3619 1274 3666 v.
1294 3600 1406 3666 eederet
1423 3611 1486 3677 pro·

255 3715 332 3782 ferto
347 3715 381 3782 in
395 3716 511 3800 grands
525 3716 616 3781 huius
631 3716 731 3782 vestre
746 3714 881 3780 civitatis
896 3713 1112 3781 drinionensis
1135 3733 1172 3781 ao
1186 3715 1355 3781 insolutum
1369 3708 1486 3780 sionem

254 3829 422 3917 dampnum
445 3833 475 3898 et
502 3830 702 3915 preludioium
731 3848 792 3895 non
820 3827 990 3907 modicum
1020 3831 1101 3896 eires
1124 3849 1256 3915 namque
1279 3830 1371 3898 rostri
1396 3840 1485 3892 eorum

253 3944 366 4013 debitis
387 3945 614 4012 frustrarentur.
660 3943 864 4013 obsecramus
887 3945 984 4028 igitur
1006 3964 1031 4012 e.
1054 3964 1081 4011 v.
1105 3965 1128 4011 s.
1154 3947 1188 4011 ut
1211 3965 1266 4030 pro
1295 3964 1347 4012 sue
1367 3935 1486 4009 airitstis

251 4061 478 4129 oonservatione
500 4061 642 4147 dignetur
664 4080 689 4129 e.
705 4080 728 4127 s.
744 4080 772 4127 v.
787 4060 901 4127 Jndeos
924 4061 1007 4144 ipsos
1029 4061 1062 4126 iu
1085 4061 1211 4145 entique
1233 4080 1338 4129 eorum
1359 4053 1484 4124 boemie

252 4177 284 4242 et
305 4176 521 4244 consuetudine
544 4175 727 4262 relinquere;
757 4175 893 4260 alioquin
915 4175 1050 4243 civitatis
1073 4177 1173 4242 vestre
1202 4176 1410 4244 mereatoribus
1428 4185 1484 4233 nou

251 4309 359 4373 pamm
381 4291 665 4360 meommodabitur.
710 4291 861 4358 drenioni
882 4289 933 4358 rii
956 4290 1090 4376 Augusti
1113 4292 1240 4378 (1524).

673 4407 850 4474 Humillimi
873 4407 988 4473 subditi
1010 4406 1156 4474 Consules
1179 4409 1400 4475 Avenionensea
