3192 4930
784 277 1007 348 ..pp-

265 471 455 557 inexpeotata
484 471 666 550 acciderunt,
698 473 725 538 si
754 473 844 538 modo
874 473 964 540 scivit
993 473 1068 557 ipse,
1097 491 1188 559 quem
1217 473 1406 560 relinqueret,
1431 470 1495 538 etsi

263 587 350 654 illius
372 588 485 672 impiae
501 589 667 654 voluntatis
690 588 828 654 conscius
848 589 914 668 fuit
938 589 1017 673 quod
1040 590 1072 655 in
1087 588 1145 655 tali
1169 590 1306 674 principe
1328 607 1495 674 nequaquam

263 705 312 770 ost
334 703 524 771 credendum.
563 703 655 770 Ouios
678 723 733 770 nos
749 704 873 788 quidem
895 705 927 769 et
943 705 1066 770 honoris
1089 706 1121 770 ot
1136 705 1304 771 voluntatis
1319 723 1388 770 eam
1403 704 1495 770 mbos

262 821 412 887 rationem
433 821 583 896 uolumus,
613 838 706 902 quam
728 820 859 904 ipsemet
881 821 974 903 optat.
1022 819 1081 886 Sed
1106 820 1133 885 si
1156 821 1222 886 sine
1244 821 1331 886 illius
1355 819 1496 886 offensione

263 936 329 1002 fieri
357 937 466 1019 potest,
495 937 526 1000 et
548 937 601 1030 tua
630 936 860 1018 circumspectio
890 937 1094 1018 opportunum
1116 934 1304 1014 iudicaverit
1334 935 1496 1002 mandamus

263 1051 362 1118 eidem
384 1051 461 1117 cir.ni
482 1053 561 1128 tuae,
590 1052 627 1116 nt
647 1052 846 1134 posteaquam
868 1051 926 1116 tibi
956 1050 1128 1116 constiterit
1151 1050 1360 1135 supradictum
1383 1051 1496 1134 diploma

263 1168 302 1234 ab
325 1185 360 1232 eo
389 1165 529 1251 episcopo
552 1185 627 1244 esse,
651 1168 681 1231 et
703 1166 769 1248 ipse
792 1185 867 1249 opus
901 1184 991 1230 suum
1020 1167 1053 1231 et
1073 1165 1319 1232 lucubrationem
1348 1163 1495 1250 agnouerit

262 1283 316 1348 aut
338 1282 377 1347 ab
404 1301 439 1348 ao
461 1281 576 1347 editam
598 1281 691 1347 fuerit
713 1282 883 1364 probatum,
907 1300 977 1346 eum
1000 1283 1064 1346 tam
1081 1281 1183 1364 vigore
1207 1283 1329 1347 tuarum
1352 1279 1498 1366 legationis

260 1397 450 1477 facultatum
479 1416 572 1480 qnam
601 1396 781 1462 anctoritate
810 1414 927 1480 quoque
950 1397 1063 1474 nostra,
1092 1415 1185 1479 quam
1207 1395 1241 1461 in
1269 1397 1299 1462 te
1329 1393 1496 1480 plenamad

260 1513 342 1579 bunc
364 1513 505 1580 effectum
527 1511 748 1589 transferimus,
779 1511 908 1576 citatum
931 1511 1036 1576 iubeas
1059 1512 1129 1576 ante
1152 1512 1182 1576 te
1205 1513 1406 1594 personaliter
1426 1529 1497 1576 com·

261 1647 374 1712 parere,
397 1647 432 1693 ac
461 1630 608 1712 tanquam
638 1627 826 1706 seditiosum,
856 1645 891 1692 ac
914 1645 1004 1709 prave
1034 1627 1071 1691 do
1094 1625 1154 1692 fide
1183 1627 1215 1691 et
1238 1625 1315 1693 Sede
1350 1625 1500 1711 apostolica

260 1743 451 1824 sentientem,
480 1743 514 1807 in
536 1761 628 1826 quam
651 1742 745 1808 etiam
774 1742 889 1807 crimen
919 1741 1044 1824 periurii
1075 1741 1239 1807 incurrisse
1268 1742 1434 1808 censendus
1454 1741 1498 1806 est

120 1911 125 1918 .
259 1878 383 1926 causam
412 1858 510 1924 dicere
539 1875 639 1941 cogas,
669 1857 898 1942 convictumque
928 1857 1025 1922 animi
1047 1857 1087 1922 ad
1110 1857 1286 1922 scandalum
1316 1859 1349 1922 et
1371 1856 1497 1930 heresim

258 1976 290 2040 et
311 1973 530 2059 gravissimum
553 1972 669 2038 crimen
693 1972 850 2054 superbiae
865 1972 1051 2048 inclinantis,
1075 1975 1128 2037 sut
1143 1972 1307 2038 retractare
1323 1991 1401 2056 quae
1415 1971 1496 2054 impie

258 2089 331 2174 egit,
355 2089 419 2156 sive
441 2090 560 2154 locutus
583 2090 639 2167 est,
662 2087 782 2170 publice
805 2089 979 2173 compellas,
1003 2090 1056 2152 aut
1079 2087 1107 2153 si
1128 2087 1162 2152 in
1185 2106 1240 2153 sua
1262 2088 1431 2171 pervicacia
1451 2087 1498 2150 ob·

258 2204 391 2270 stinatus
420 2204 527 2282 buerit,
557 2203 648 2268 iustis
678 2204 710 2268 et
738 2202 867 2281 debitis,
897 2203 992 2268 etiam
1022 2203 1201 2285 privationis
1232 2201 1386 2280 ecclesiae,
1415 2220 1497 2286 quan

256 2319 382 2403 indigne
411 2319 537 2396 obtinet
568 2318 751 2402 reliquisque
781 2337 799 2382 a
829 2318 892 2385 iure
916 2321 947 2383 et
970 2318 1006 2384 fe.
1023 2337 1063 2383 re.
1079 2318 1189 2383 Leonis
1212 2317 1242 2383 X
1272 2315 1500 2400 praedecessoris
1579 2393 1580 2396 Ἴ

254 2436 353 2501 nostri
374 2434 487 2501 litteris
510 2423 615 2500 eont'ra
636 2435 843 2500 Lutheranam
866 2433 999 2499 heresim
1023 2433 1148 2498 statutis
1171 2433 1279 2517 poenis
1302 2433 1428 2498 afficias.
1467 2430 1498 2496 ln

256 2552 441 2618 contrarium
457 2550 638 2616 facientibus
661 2549 934 2615 nonobstantibus
957 2549 1193 2632 quibuscunque.
1225 2548 1374 2615 Volumus
1397 2551 1499 2620 autam

256 2667 285 2732 si
306 2666 406 2733 dietus
429 2667 587 2751 episcopus
603 2663 834 2731 Sambianensis
858 2683 912 2728 sua
937 2664 1063 2730 ecclesia
1086 2664 1224 2748 legitime
1247 2663 1340 2728 fuerit
1362 2663 1500 2746 priuatus.

255 2782 308 2866 qui
330 2782 363 2848 in
385 2800 420 2848 oo
442 2781 555 2848 honore
578 2781 609 2846 et
631 2781 696 2845 loco
727 2779 922 2845 sufficiendae
945 2779 1012 2854 erit,
1043 2780 1085 2844 sit
1106 2781 1174 2844 tum
1199 2779 1364 2844 uirtutibus
1386 2777 1501 2862 dignus

254 2915 289 2962 ac
310 2895 495 2962 christianae
517 2897 549 2960 at
569 2894 734 2960 catholicae
757 2895 879 2972 mentis,
900 2897 967 2960 tum
982 2894 1043 2977 ipsi
1058 2895 1185 2968 alberto
1201 2893 1343 2960 Prussiae
1359 2895 1501 2977 magistro
1580 2885 1581 2952 l

254 3012 403 3095 acceptus,
426 3013 457 3078 et
479 3012 595 3095 gratus,
645 3014 660 3075 t
681 3009 714 3075 in
737 3010 854 3077 cunctis
883 3010 935 3076 ille
959 3011 1121 3093 cognoscat
1150 3029 1205 3076 nos
1235 3010 1267 3075 in
1290 3009 1405 3093 optimo
1436 3025 1503 3091 erga

254 3147 324 3193 eum
346 3127 449 3192 animo
464 3145 662 3209 perseuerare,
686 3145 890 3209 magnamque
905 3125 1002 3208 ipsius
1025 3124 1148 3191 honoris
1164 3126 1194 3190 et
1210 3123 1377 3190 voluntatis
1400 3123 1502 3188 ducere

254 3242 411 3309 rationem.
486 3241 603 3306 Datum
632 3241 748 3306 Romae
785 3240 833 3306 die
863 3239 961 3322 primo
990 3241 1167 3306 Decembris
1197 3239 1342 3304 mclxxiiii
1418 3239 1503 3303 Anno

255 3357 394 3424 secundo.

858 3572 910 3638 27.

709 3734 797 3796 Ducl
821 3729 1058 3815 mediolanis)

339 3891 459 3957 Dilecto
481 3889 527 3955 fili
557 3891 742 3956 salutemet
770 3890 970 3972 apostolicam
999 3890 1247 3956 benedictionem.
1293 3889 1439 3955 Dolemus
1471 3887 1505 3953 in

251 4008 296 4074 eis
311 4007 401 4085 curis,
424 4026 499 4090 quas
515 4025 576 4071 non
591 4005 655 4071 iam
678 4025 732 4088 pro
747 4005 905 4088 dignitate,
929 4025 964 4070 ea
983 4007 1065 4071 enim
1088 4007 1252 4070 astrorum
1273 4023 1308 4070 sc
1332 4007 1505 4088 temporum

345 4221 363 4281 ¹)
382 4223 433 4272 nux
445 4223 571 4273 uectorem
593 4222 729 4270 Francircur
748 4221 837 4270 Stortia
849 4221 912 4269 bisce
930 4223 1075 4281 ternpou'bur
1092 4234 1139 4268 non
1151 4233 1264 4282 prospera
1278 4221 1415 4268 vorabatur
1433 4231 1508 4266 rerum

249 4322 389 4380 conditione,
409 4322 437 4368 ds
449 4333 538 4368 summa
549 4321 640 4380 imperii
660 4320 684 4366 ln
697 4319 835 4368 lombardia
852 4317 950 4368 Omana
962 4326 987 4366 eo
1001 4321 1122 4367 lanciaco
1135 4319 1275 4367 Francorum
1289 4331 1342 4374 rere
1355 4318 1508 4374 certantibus,

251 4419 383 4480 frustraque
402 4417 513 4466 Pontinos
531 4420 559 4466 ut
576 4429 659 4478 pacem
678 4417 741 4465 inter
759 4429 798 4465 sos
816 4417 937 4466 adorsum
958 4417 1088 4465 laborante.
