3152 4902
621 306 844 376 ..39-

195 503 592 574 Underreldensibus
615 504 646 570 ct
667 500 969 571 Vraniensibus.
1006 501 1043 568 In
1059 521 1118 586 quo
1133 501 1232 568 leudis
1247 521 1357 588 genere

114 621 145 686 ut
165 622 267 688 vestra
289 621 435 688 emineret
456 620 562 700 virtus,
585 620 678 704 utque
700 618 868 686 defensioni
891 617 1013 684 sanctae
1029 617 1186 704 religionis
1209 617 1358 702 huiusque

114 734 237 804 Sanctae
268 735 355 804 Sedis
383 736 492 804 honori
519 756 555 802 ea
584 735 687 802 dedite
716 737 804 814 esset
834 753 888 802 uos
918 733 1067 820 singulari
1096 733 1227 819 quodam
1258 732 1358 800 studio

113 851 259 920 effecistis.
305 850 365 934 Qui
385 851 532 919 honorem
553 853 609 919 etc.

194 969 523 1038 Lucernensihus.
568 967 606 1034 In
628 985 686 1052 quo
715 964 919 1033 defendendae
948 967 979 1032 et
1007 965 1242 1050 propugnandae
1272 985 1358 1032 uerae

113 1087 141 1150 et
161 1086 284 1152 mucias
297 1084 456 1169 religionis
478 1083 578 1150 studio
593 1085 695 1148 vestra
710 1083 808 1148 virtus
823 1083 854 1149 et
867 1082 966 1166 pistos
981 1082 1139 1168 praecipue
1162 1101 1194 1147 se
1217 1080 1358 1162 ostendit,

113 1219 161 1266 ros
183 1201 268 1268 enim
290 1220 345 1268 nos
368 1200 532 1266 catholicoe
554 1198 627 1265 fidei
648 1198 779 1265 tutelam
801 1198 833 1264 et
854 1198 977 1282 patrum
1006 1196 1214 1283 maiorumque
1236 1199 1357 1265 nostro·

113 1336 177 1383 rum
198 1317 253 1402 qui
277 1315 410 1402 Spiritus
433 1315 543 1384 Sancto
566 1314 650 1401 pleni
663 1315 786 1382 fuomnt
800 1313 1012 1382 auctoritatem
1028 1313 1172 1382 edversus
1192 1313 1282 1380 illam
1296 1313 1358 1380 im·

113 1432 191 1516 piam
200 1435 318 1500 sestam
332 1431 464 1517 quodam
472 1431 618 1516 pocrrliari
632 1431 696 1498 zelo
711 1429 924 1498 ardentissime
939 1430 1131 1514 suscepistis
1146 1431 1247 1497 restra
1262 1430 1294 1496 in
1310 1430 1360 1496 his

112 1551 208 1615 vestm
229 1549 359 1634 inquam
379 1547 491 1615 eximia
512 1549 544 1616 et
565 1547 842 1615 commemorabilis
863 1547 932 1614 leus
953 1547 1009 1614 est
1054 1544 1115 1628 Qui
1135 1547 1281 1614 honorem
1303 1548 1359 1614 eto.

196 1662 478 1731 Bonnensibus.
524 1661 625 1745 Quam
646 1662 771 1748 quidem
792 1681 858 1729 rem
872 1661 1015 1729 dorothee
1037 1663 1148 1730 vestris
1170 1680 1225 1748 pro
1247 1662 1359 1729 honore

114 1782 142 1847 et
161 1779 331 1865 praestanti
353 1779 534 1846 auctoritate
555 1779 629 1865 pagi
642 1761 818 1859 vestri‘cui
833 1778 944 1846 eximia
967 1798 1085 1864 semper
1106 1779 1175 1846 leus
1189 1798 1245 1846 nec
1258 1779 1360 1864 magis

114 1895 299 1962 fortitudinis
328 1914 421 1981 qnam
450 1914 523 1981 erga
552 1895 653 1962 Deum
683 1894 922 1979 omnipotentem
952 1913 1098 1980 suamque
1129 1894 1360 1962 immaculatam

114 2012 289 2097 religionem
311 2010 435 2097 pietatis
457 2011 523 2079 iuro
545 2012 662 2078 tributa
683 2013 739 2090 est,
761 2010 884 2097 gratim
906 2010 1038 2078 maxime
1060 2010 1195 2076 futuram
1217 2028 1278 2078 non
1300 2010 1358 2077 du·

114 2127 259 2204 litemus3
283 2127 336 2213 qui
357 2127 430 2194 lieet
444 2127 573 2194 forsitan
595 2145 761 2211 paucorum
781 2125 853 2193 istic
869 2126 1041 2194 constantis
1055 2126 1147 2193 fuant
1168 2126 1359 2206 iamfactse,

114 2243 188 2327 quod
215 2245 322 2311 tamen
350 2243 469 2310 credere
491 2244 541 2310 vix
569 2261 741 2328 possumus,
771 2242 1015 2310 communitum
1038 2243 1165 2310 oonsilio
1194 2242 1360 2310 catholicae

116 2357 181 2426 fidei
201 2359 340 2426 restrum
361 2358 527 2444 prebuistis
549 2357 760 2444 patrocinium
805 2355 866 2439 Qui
887 2357 1033 2426 honorem
1054 2359 1110 2427 cto.

198 2473 549 2560 l'rihurgensibus.
594 2474 631 2541 In
654 2492 713 2558 quo
736 2475 841 2540 sancto
864 2492 953 2560 opero
975 2476 1110 2540 rostram
1133 2474 1307 2560 precipuum
1330 2475 1361 2541 st

115 2589 262 2674 poscimus
277 2591 308 2657 et
324 2592 516 2676 expectamus
531 2609 668 2676 operam;
695 2589 808 2656 seimus
824 2590 906 2656 enim
921 2610 1013 2675 quem
1028 2591 1197 2676 praestanti
1212 2591 1315 2658 animo
1330 2593 1362 2657 et

116 2705 260 2792 singulari
273 2706 307 2772 in
321 2706 421 2774 Deum
436 2706 676 2792 omnipotentem
692 2705 838 2792 religione
853 2725 961 2773 causae
976 2707 1142 2774 cethohcae
1154 2707 1226 2774 fidei
1242 2726 1360 2792 semper

117 2820 277 2888 adfueritis.
323 2820 444 2888 Scimus
459 2841 518 2907 quo
533 2840 635 2890 amore
650 2841 723 2907 erge
745 2841 801 2889 nos
819 2822 902 2907 ipsos
916 2823 1062 2907 priuatim
1085 2843 1145 2908 qua
1167 2823 1201 2889 in
1215 2821 1360 2889 Sanctam

118 2936 220 3006 Sedem
241 2939 321 3007 hene
335 2939 529 3006 observantia
544 2939 614 3006 sitis
636 2940 668 3006 et
681 2939 810 3018 fueritis,
832 2959 867 3006 er
890 2939 1000 3024 quihus
1015 2938 1115 3005 omnis
1130 2939 1198 3005 laus
1221 2940 1253 3005 et
1266 2939 1359 3004 bene-

117 3054 243 3121 volentia
264 3055 350 3122 vohis
372 3055 569 3140 potissimum
590 3074 722 3140 pernes
744 3054 847 3122 debite
869 3056 924 3122 est.
970 3052 1031 3135 Qui
1051 3055 1197 3121 honorem
1219 3055 1274 3121 cto.

200 3169 550 3252 Solodorensibus‚
573 3169 900 3252 materensibus,
923 3169 1203 3238 Zuohensihus.
1248 3169 1361 3255 Inque

118 3305 236 3353 recum
265 3305 319 3353 nos
349 3287 482 3354 salutem
510 3288 680 3354 vestrorum
709 3288 740 3354 et
768 3287 915 3354 honorem
943 3288 1011 3354 tum
1040 3286 1174 3354 nationis
1203 3285 1381 3354 universae.

118 3401 284 3470 Helveticae
305 3405 373 3470 tum
394 3405 532 3470 vestrum
553 3403 708 3488 proprium
730 3403 819 3470 nobis
840 3404 911 3469 ante
932 3403 1034 3470 oosrlos
1056 3421 1267 3488 proponamus,
1290 3421 1360 3487 spe·

117 3535 214 3584 ramus
235 3518 330 3586 otiam
343 3519 446 3585 vestm
461 3519 611 3604 singulari
631 3520 663 3586 et
677 3518 820 3604 diligenti
837 3537 927 3604 opere
949 3517 1086 3585 futumm
1108 3519 1144 3585 nt
1157 3517 1230 3584 fidoi
1251 3517 1358 3584 catho-

118 3631 187 3700 licse
206 3633 360 3718 imprimis
374 3635 407 3701 et
420 3633 513 3701 huius
528 3633 657 3702 Sanctae
679 3633 767 3702 Sedis
781 3634 904 3702 honoris
921 3633 997 3701 retio
1012 3633 1168 3714 habeatur,
1190 3632 1359 3719 etquidem

118 3748 269 3833 praecipue
288 3749 376 3816 vobis
397 3750 579 3817 faventibus.
624 3748 685 3832 Qui
705 3751 850 3818 honorem
872 3752 928 3818 eto.

199 3863 499 3932 Basiliensihos
523 3865 619 3952 (utin
642 3919 648 3932 .
673 3919 679 3932 .
704 3919 711 3933 .
735 3886 829 3952 usque
844 3866 883 3932 ed
897 3865 1080 3944 faventibus,
1095 3864 1203 3932 deinde
1217 3865 1359 3950 addetur)

119 3978 166 4060 qui
186 3997 221 4044 ea
241 3979 403 4063 prudentia
424 3999 518 4065 quem
539 3981 573 4048 in
592 3982 677 4049 robis
694 3980 827 4067 Spiritus
842 4001 911 4048 vero
934 3982 1057 4048 sanctus
1080 3980 1268 4048 illuminavit
1290 3999 1360 4046 cum

120 4094 244 4160 oenus
265 4096 296 4161 st
316 4095 501 4180 perniciosas
522 4097 607 4164 labes
629 4096 756 4164 heretici
770 4096 879 4165 veneni
900 4095 934 4163 in
948 4097 1035 4163 vohis
1058 4097 1122 4163 iam
1145 4115 1263 4180 serpere
1286 4116 1356 4163 sen·

122 4205 240 4290 rhaetis,
262 4209 380 4278 reiectis
403 4212 434 4278 et
456 4211 623 4296 repudietis
644 4212 748 4297 pravis
770 4211 1047 4279 machinationibus
1068 4211 1232 4298 impiorum
1255 4231 1360 4279 verum

121 4321 256 4391 honorem
279 4326 392 4394 summi
405 4326 464 4394 Dei
486 4328 517 4394 et
533 4328 665 4395 salutem
687 4326 861 4397 animarum
882 4328 1053 4397 vestrarum
1075 4328 1107 4395 st
1126 4325 1214 4396 Sedis
1235 4327 1359 4416 sposto-

122 4437 190 4506 liono
209 4439 298 4508 decus
319 4461 339 4508 a
359 4461 420 4529 qus
441 4443 498 4510 etc.
