3128 4908
548 283 792 350 -197-

68 475 111 542 dil
129 475 187 543 lilio
207 476 303 544 nobili
332 475 396 542 viro
418 477 493 543 duce
517 475 645 544 Suessae
673 477 790 544 oratore
819 479 872 543 tuo
894 475 997 556 locuti,
1026 476 1079 562 qui
1101 475 1141 542 ad
1162 476 1194 542 te
1221 494 1292 561 por·

66 593 163 658 scribit
205 591 301 674 Quem
324 593 433 673 virum,
455 594 502 658 lili
524 594 689 674 carissime,
712 613 780 660 vere
803 592 937 678 quotidie
959 592 1060 677 magis
1083 590 1294 678 cognoscimus

66 711 91 774 ct
108 709 245 775 fidelitate
266 709 298 776 et
312 708 473 793 prudentia
494 710 640 776 inseruire
653 709 769 794 gloriae
792 712 823 776 et
837 707 1034 792 amplitudini
1055 711 1134 787 tuae,
1157 708 1293 793 quicum

64 843 186 907 praesens
208 825 307 892 multa
320 824 484 910 intelligat
506 844 583 910 qnae
606 843 666 893 non
681 827 746 891 tam
769 824 857 892 facile
875 825 1017 892 absentes
1032 824 1134 892 vidore
1155 825 1292 908 possunt,

64 939 99 1004 ita
118 941 260 1024 temperat
288 941 423 1008 actiones
447 959 527 1021 snas,
557 944 591 1007 ιιι
613 959 669 1008 nos
691 943 793 1008 tecum
821 941 975 1008 coniuncti
996 943 1027 1007 et
1049 941 1187 1006 amicitia
1209 939 1294 1007 omni

60 1169 162 1238 mdxrv.
204 1171 294 1239 Anno
316 1171 416 1240 tertio.

634 1353 705 1419 loa.

377 1498 466 1560 Ducl
488 1499 720 1560 venetiarum
743 1505 779 1559 et
801 1500 958 1563 Senatui.

133 1637 243 1704 Dilecti
265 1635 324 1702 dlii
346 1636 478 1702 salutem
500 1637 557 1702 etc.
602 1635 671 1702 Etsi
692 1653 784 1702 causa
806 1637 977 1702 exterorum
1000 1637 1031 1702 et
1051 1634 1174 1702 exulum
1197 1635 1292 1702 Pata-

61 1752 180 1818 uinorum
202 1751 291 1819 nobis
314 1771 403 1836 saepe
425 1754 481 1830 cst,
503 1771 557 1837 per
579 1769 698 1818 serereln
715 1750 874 1818 Caesarem
897 1750 1115 1830 commendata
1139 1750 1218 1835 qnod
1240 1751 1293 1817 ille

59 1869 176 1934 ‹officium
197 1867 279 1953 apud
301 1887 357 1934 nos
371 1868 562 1951 interposuit,
585 1887 645 1932 non
662 1867 761 1933 solum
784 1887 837 1951 per
861 1868 990 1946 litteras,
1013 1865 1065 1933 sed
1088 1885 1141 1951 per
1159 1869 1292 1933 oratores

57 1984 137 2049 etiam
158 2003 227 2050 suos
248 1985 281 2050 et
302 1984 460 2069 praecipue
475 1985 522 2050 bo.
540 2002 598 2048 me.
621 1983 789 2048 Dominum
812 1982 848 2048 de
871 1983 1000 2060 Roccha,
1023 1983 1127 2048 tamen
1148 1983 1184 2047 ut
1205 1982 1293 2049 illam

58 2099 171 2166 libenter
199 2099 402 2185 suscipiamus
431 2117 593 2183 eorumque
622 2099 826 2165 incolumitati
857 2101 887 2164 et
910 2099 1098 2164 restitutioni
1127 2099 1292 2178 faveamus,

58 2233 109 2281 non
129 2219 246 2282 tanturn
269 2213 416 2295 Caesaris,
447 2215 500 2282 sed
522 2215 617 2281 vestri
646 2215 739 2280 etiam
770 2215 892 2280 honoris
916 2218 947 2280 et
975 2215 1108 2280 nominis
1138 2217 1292 2299 respectus

58 2349 104 2396 nos
123 2332 259 2416 impellit,
282 2351 353 2398 cum
376 2334 495 2415 praeter
517 2350 610 2416 quam
632 2330 711 2414 quod
735 2351 840 2397 sumus
864 2331 903 2396 ad
925 2331 1149 2415 benignitatem
1171 2348 1206 2396 ac
1228 2329 1290 2397 rni-

59 2447 237 2514 sericordiam
266 2449 297 2514 et
327 2449 496 2514 naturast
525 2446 626 2512 studio
654 2448 810 2530 propensi,
840 2449 958 2512 vestrae
984 2465 1101 2530 qnoque
1129 2444 1292 2532 gravitatis

58 2565 82 2627 et
101 2564 286 2632 auctoritatis
308 2563 553 2648 magnitudinem
576 2563 634 2629 bac
656 2563 750 2640 etiam
772 2563 861 2630 laude
876 2563 1055 2630 clementiae
1077 2565 1109 2628 et
1129 2561 1290 2647 placabili-

57 2679 120 2744 tatis
140 2682 260 2747 auctam
282 2698 350 2746 esse
372 2679 538 2763 cupiamus.
583 2679 629 2746 Ac
651 2677 679 2744 si
694 2679 841 2744 vellemus
863 2698 944 2744 nnnc
965 2678 1067 2762 prima
1083 2696 1218 2762 quaeque
1240 2697 1289 2742 re·

56 2797 143 2876 petere
162 2797 193 2864 ot
214 2796 265 2864 uel
286 2811 428 2863 excusare
441 2794 551 2861 borum
573 2794 696 2861 exulum
717 2792 842 2874 lactum,
863 2792 1080 2878 propterquod
1100 2793 1135 2858 in
1156 2794 1290 2858 vestram

56 2910 227 2980 bacnndiam
257 2911 429 2980 inciderunt
457 2911 506 2976 vel
529 2929 632 2976 corum
661 2908 898 2994 imprudentiae,
930 2909 957 2976 si
979 2909 1056 2976 forte
1084 2907 1290 2995 imprudentia

56 3025 124 3110 lapsi
144 3029 227 3108 snnt,
257 3027 379 3094 veniam
401 3045 420 3092 a
442 3026 528 3092 vobis
557 3026 672 3109 petere,
703 3027 802 3092 multa
825 3025 912 3091 nobis
942 3028 1046 3092 essent
1074 3023 1236 3110 alleganda
1259 3027 1290 3091 et

56 3143 310 3220 commemoranda,
332 3141 446 3226 partim
467 3144 541 3207 nota
555 3141 650 3222 vobis,
672 3142 785 3225 partim
801 3160 860 3206 nou
884 3142 1061 3221 necessaria,
1084 3160 1143 3226 quo
1165 3140 1288 3225 quidem

55 3273 123 3324 nnnc
142 3258 364 3344 supersedimus
386 3257 497 3324 labore.
543 3255 610 3335 Sed,
632 3256 712 3341 quod
734 3259 782 3324 est
804 3257 925 3322 anobis
942 3259 1099 3341 susceptae
1120 3255 1289 3340 praesentis

55 3374 307 3442 commendationis
330 3373 473 3451 officium,
496 3375 582 3439 tuam
597 3372 790 3439 nobilitatem
813 3391 848 3436 ac
872 3374 1045 3438 devotiones
1070 3375 1187 3438 vestras
1213 3373 1283 3456 plu-

56 3487 154 3556 rimum
180 3491 213 3557 in
235 3489 368 3556 Domino
397 3488 571 3566 hortamur,
601 3491 635 3552 ut
663 3489 733 3570 post
762 3489 868 3553 borum
899 3488 1081 3555 miserorum
1110 3487 1287 3553 diuturnam

56 3604 254 3684 calamitatem,
277 3623 353 3691 quae
368 3606 449 3670 certe
465 3623 534 3669 cum
549 3603 657 3668 multis
680 3603 891 3670 innocentibus
910 3603 1133 3670 communicata
1148 3603 1204 3682 est,
1226 3601 1284 3668 ali·

57 3721 158 3801 mando
186 3721 288 3787 delabi
310 3719 350 3786 ad
371 3720 557 3803 aequitatem
586 3718 683 3785 animi
705 3721 735 3785 et
757 3719 797 3784 ad
818 3719 1058 3786 misericordiam
1086 3719 1151 3785 illis
1173 3717 1286 3802 implo-

56 3835 164 3903 randam
186 3838 303 3912 velitis;
326 3855 421 3922 neque
446 3837 545 3901 solum
566 3835 631 3899 illis
653 3834 794 3918 patriam,
817 3834 898 3918 quod
920 3835 1141 3901 humanissime
1162 3832 1287 3912 fecistis,

57 3949 99 4016 sed
122 3953 197 4020 bona
225 3953 319 4020 etiam
348 3951 447 4036 petria
474 3953 506 4016 et
528 3951 660 4016 veterem
689 3951 912 4034 possessionem
942 3951 1131 4016 fortunarum
1162 3967 1286 4014 suarum

57 4067 209 4146 restiturum
232 4069 270 4135 de
292 4087 352 4153 qua
374 4068 439 4133 tota
462 4065 654 4132 restitutione
676 4064 824 4150 quomodo
847 4069 917 4149 apte
939 4066 1005 4132 fieri
1026 4070 1057 4131 et
1079 4065 1189 4150 quibus
1212 4081 1285 4130 cou-

57 4179 204 4252 ditionibus
218 4185 325 4272 possit,
348 4183 511 4250 scribimus
527 4180 650 4266 quidem
673 4181 711 4246 ad
726 4182 869 4247 nuncium
886 4181 978 4248 isthic
993 4184 1132 4247 nostrum
1154 4183 1190 4248 ut
1204 4183 1286 4267 agat,

58 4297 205 4386 tradetque
234 4301 406 4374 uobiscum
429 4317 506 4383 quae
535 4296 636 4364 omnis
666 4315 738 4362 sane
767 4317 815 4363 res
838 4299 873 4362 nt
895 4297 1087 4377 arbitramur,
1117 4298 1286 4364 minimea

56 4414 167 4494 pubbcis
187 4417 297 4485 restris
328 4415 496 4486 commodis
519 4416 549 4481 et
572 4413 742 4481 rationibus
764 4413 863 4480 aliena
887 4431 968 4494 esse,
998 4415 1051 4480 aut
1080 4415 1203 4484 omnino
1227 4415 1283 4482 eb-
