3258 4904
756 353 1001 425 ..454-

254 555 403 641 augustus
426 553 529 622 divina
552 554 672 622 favente
688 552 849 621 clementie
863 553 1070 621 Romanorum
1093 551 1258 637 imperator
1272 573 1307 618 10
1322 550 1500 622 Germaniae

254 673 473 758 Hispaniarum
488 672 646 756 utriusque
662 668 784 736 Siciliae
799 670 991 738 Hierusalem
1014 673 1045 736 et
1063 687 1114 735 101
1129 668 1273 735 archidux
1288 669 1435 735 lustriae
1450 671 1498 734 etc.

254 789 425 856 honorabili
447 809 476 854 n.
500 787 645 872 potestati
669 805 721 852 seu
743 786 857 870 pretori
880 785 1014 852 civitatis
1037 783 1386 852 111101101010101111011
1417 785 1499 851 nobis

255 906 365 972 dilecto
394 905 528 989 gratiam
557 903 694 970 nostram
717 920 889 968 caesaream
911 903 943 967 et
965 920 1054 967 omne
1081 902 1204 968 bouum.
1250 899 1326 966 Gom
1349 900 1453 966 nuntii
1472 901 1499 966 01

254 1022 461 1107 procuratores
483 1017 683 1085 beatitudinis
705 1016 858 1102 pontilicis
880 1034 935 1101 pro
950 1016 1138 1101 expeditione
1161 1035 1268 1082 consae
1291 1037 1392 1083 coram
1417 1017 1499 1083 nobis

252 1137 399 1221 tanquam
426 1135 540 1202 arbitro
570 1134 757 1214 arbitratore
787 1135 819 1200 01
847 1133 1003 1199 amicabili
1031 1133 1231 1217 compositore
1253 1134 1400 1201 vericulis
1423 1135 1499 1200 iuter

253 1251 380 1320 modam
405 1251 598 1318 sanctitatem
623 1249 776 1333 pontificis
800 1251 831 1315 et
847 1247 990 1316 Sanctam
1010 1247 1119 1316 Sedem
1144 1249 1340 1333 apostolicam
1361 1251 1498 1334 agentem

254 1390 289 1436 ex
313 1389 387 1448 una,
411 1371 441 1435 et
465 1367 618 1434 illustrem
643 1367 750 1432 ducem
775 1365 928 1431 llerrarise
952 1365 1162 1432 defendentem
1186 1365 1325 1449 partibus
1347 1386 1383 1433 ex
1408 1365 1497 1432 altere

254 1504 345 1568 super
366 1483 567 1551 controversis
597 1481 628 1548 et
650 1481 894 1548 contentionibus
924 1480 1163 1565 quibuscumque
1185 1483 1266 1548 inter
1294 1483 1397 1566 partes
1420 1483 1497 1565 ipsos

254 1601 455 1668 existentibus
478 1601 509 1665 et
523 1601 557 1665 in
572 1598 640 1663 acta
654 1597 866 1682 compromissi
888 1597 969 1664 inter
984 1595 1106 1664 easdem
1124 1598 1226 1682 partes
1241 1597 1313 1664 initi
1334 1599 1367 1664 et
1382 1597 1496 1665 firmati

254 1718 348 1784 latius
378 1715 516 1783 deductis
544 1715 633 1798 egeat
655 1715 858 1797 transumptis
880 1713 1065 1780 authenticis
1088 1713 1302 1780 nonnullomm
1325 1714 1495 1799 privilegio·

253 1853 322 1899 rum
345 1833 481 1898 actorum
510 1830 728 1915 scripturarum
750 1830 782 1895 et
809 1828 1082 1896 instrumentorum
1112 1829 1300 1914 aliorumque
1330 1829 1495 1897 monimen·

253 1950 354 2014 tomm
378 1947 471 2013 isthic
493 1944 703 2023 existentium,
734 1943 858 2030 Nosque
888 1945 1080 2028 transumpta
1103 1944 1285 2012 istrumenta
1313 1947 1345 2012 ts
1366 1947 1496 2031 presente

253 2063 431 2147 videnteque
454 2061 618 2146 exemplari
638 2062 669 2127 st
684 2061 855 2141 transcribi,
879 2061 1017 2145 reeteque
1040 2079 1075 2126 ac
1088 2060 1216 2127 iuridioe
1238 2062 1425 2146 comprobari
1445 2060 1495 2126 de·
1604 2071 1605 2086 l

253 2179 444 2246 creverimus.
490 2177 606 2243 idcirco
628 2178 788 2261 negocium
818 2169 993 2243 huiusmodi
1016 2176 1075 2241 tibi
1102 2177 1273 2260 specialiter
1301 2179 1403 2244 tenore
1430 2197 1495 2262 pre·

254 2293 388 2360 sendum
417 2293 650 2370 committimus,
678 2291 859 2358 mandantes
889 2291 947 2357 tibi
970 2292 1118 2375 01110010
1145 2293 1285 2376 presente
1312 2294 1345 2360 et
1366 2293 1497 2360 audiente

254 2409 446 2494 procuratore
468 2407 543 2474 dicti
570 2407 703 2474 illustris
726 2406 812 2472 ducis
843 2407 922 2492 apud
945 2425 1001 2473 nos
1024 2407 1133 2492 agente
1165 2424 1217 2474 seu
1240 2407 1307 2474 eius
1331 2407 1496 2484 substituto,

255 2525 304 2592 cui
333 2523 534 2608 peremptorie
562 2521 700 2589 intimari
728 2521 884 2602 iussimus,
914 2525 949 2588 ut
971 2541 1025 2607 per
1047 2542 1079 2588 se
1102 2524 1155 2588 aut
1185 2522 1387 2590 substitutum
1415 2543 1496 2589 suum

254 2641 430 2727 legitimum
459 2641 541 2705 intre
569 2638 764 2724 trigesimum
793 2638 935 2723 quintum
964 2639 1046 2705 (110111
1075 2639 1206 2723 proximi
1234 2641 1351 2707 mensis
1373 2638 1495 2724 Augusti

255 2775 356 2824 coram
379 2757 410 2821 te
432 2755 605 2839 compareat
626 2754 665 2820 ad
688 2753 851 2821 videndum
881 2755 913 2820 et
935 2753 1120 2820 audiendum
1142 2754 1224 2821 dicta
1251 2755 1411 2840 privilegis
1435 2757 1494 2820 0011

256 2871 421 2955 scripturas
444 2870 649 2937 instrumenta
670 2870 701 2935 et
729 2869 918 2936 monimenta
940 2870 977 2935 ad
1001 2869 1176 2936 huiusmodi
1204 2889 1329 2937 causam
1356 2869 1493 2948 1110101111,

256 2987 288 3053 01
309 2985 433 3053 illorum
462 2985 701 3070 transumptioni
731 3004 783 3052 seu
812 2986 991 3052 extractioui
1021 2985 1264 3052 interessendum
1287 2985 1493 3068 dicendumque

257 3104 288 3170 et
310 3099 505 3186 allegandum
535 3100 683 3186 quidquid
705 3101 738 3167 iu
761 3101 933 3186 oppositum
963 3100 1062 3168 dicere
1084 3102 1115 3167 et
1137 3101 1271 3186 allegare
1294 3103 1492 3181 1011011110·

257 3219 437 3304 sumptoque
459 3217 497 3283 ad
512 3215 545 3282 id
559 3234 613 3300 per
628 3217 659 3284 te
674 3216 776 3301 aliquo
791 3215 899 3284 idoneo
914 3215 1078 3283 tabellione
1100 3235 1287 3302 quecumque
1302 3218 1492 3300 tramsumpta

255 3333 487 3419 privilegiorum
509 3333 645 3400 actorum
669 3333 887 3417 scripturarum
910 3334 941 3399 et
963 3329 1093 3399 aliorum
1116 3334 1380 3400 monumentorum
1401 3351 1490 3400 coram

257 3451 288 3515 te
310 3447 547 3516 exhibendorum
569 3447 653 3514 111100
675 3448 763 3533 lapso
792 3448 873 3516 dicto
896 3447 1027 3514 termino
1057 3449 1250 3533 comparente
1274 3449 1322 3515 vel
1345 3469 1403 3516 nen
1429 3445 1493 3514 dicti

256 3563 388 3631 illustris
410 3565 602 3649 procuratore
625 3582 678 3630 seu
692 3563 777 3630 illius
801 3562 968 3630 substituto
991 3583 1010 3629 1
1033 3564 1096 3630 suis
1112 3563 1219 3631 formis
1242 3564 1438 3650 originalibus
1452 3561 1492 3628 101

257 3699 361 3747 eorum
384 3695 437 3747 seu
460 3698 563 3746 eanum
586 3678 680 3744 variis
703 3679 905 3765 transumptis
934 3679 1011 3746 bene
1032 3680 1063 3745 et
1085 3679 1216 3746 fideliter
1238 3698 1274 3745 10
1296 3679 1334 3746 10
1356 3675 1492 3748 1011011

258 3795 384 3862 verbum
406 3794 486 3862 nihil
502 3793 639 3862 addendo
661 3795 710 3861 101
725 3794 889 3862 minuendo
912 3795 1030 3862 extrahi
1044 3794 1210 3879 exemplari
1231 3797 1371 3882 recteque
1384 3797 1414 3861 01
1427 3791 1491 3860 imi·

259 3909 326 3978 dioe
354 3910 543 3996 comprobari
565 3927 601 3977 10
631 3909 719 3994 signo
742 3928 777 3977 ac
807 3910 1028 3995 subscriptione
1057 3909 1232 3977 tabellionis
1262 3929 1316 3996 per
1338 3913 1369 3978 te
1390 3909 1492 3976 adhoc

259 4025 397 4111 deputati
412 4025 537 4112 signari,
561 4025 717 4111 sigillique
732 4025 779 4092 tui
793 4025 992 4111 impressione
1014 4025 1128 4093 muniri
1149 4026 1243 4093 facias
1265 4027 1379 4112 illaque
1400 4022 1492 4092 111110

260 4161 313 4209 seu
335 4140 522 4226 procmatori
543 4141 677 4226 prefatae
700 4141 874 4208 sanctitatis
896 4141 1000 4208 tradas
1022 4143 1054 4207 01
1076 4141 1245 4226 consignes.
1283 4141 1350 4210 Nos
1372 4138 1491 4209 euimiu

259 4257 290 4324 et
313 4276 403 4342 super
424 4257 566 4324 omnibns
588 4257 620 4324 et
634 4256 766 4343 singulis
788 4257 947 4343 premissis
962 4259 1026 4323 tam
1049 4255 1255 4325 incidentibus
1270 4255 1491 4343 dependentibus

261 4373 292 4435 et
313 4372 539 4454 emergentibus
562 4391 597 4437 er
619 4371 734 4437 eisdem
757 4390 792 4438 00
813 4371 878 4438 illis
896 4372 1021 4439 1110110
1043 4374 1075 4440 01
1096 4371 1238 4439 connexis
1260 4373 1361 4440 locum
1383 4369 1492 4439 0111001

262 4483 391 4559 nostras,
421 4501 455 4545 ac
484 4483 608 4563 plenum
638 4504 726 4567 posse
755 4485 814 4551 tibi
842 4486 1064 4553 committimus
1093 4488 1125 4552 et
1154 4487 1346 4555 conferimus.
1391 4487 1490 4552 Harum
