3192 4930
579 311 804 382 ...05-

95 505 221 577 loretum
235 509 284 577 est
298 509 459 589 abstinere,
474 507 528 576 sed
543 509 733 596 argumentis
755 509 786 576 et
800 509 980 590 rationibus
988 508 1011 596 ¹)
1035 508 1190 576 mittimus
1205 509 1319 595 quanto

96 627 183 692 uenatu
195 626 437 711 proposuerimus
452 645 567 710 paoem,
589 627 663 710 quot
677 623 865 692 conditiones
881 627 912 690 et
927 624 1033 691 modos
1048 625 1319 710 excogitaverimus

94 743 121 804 ut
138 742 227 826 aliqua
249 743 328 808 ratio
356 741 531 808 concordiae
553 741 690 821 iniretur,
713 741 748 808 in
776 759 834 825 quo
863 759 924 807 non
945 740 1006 806 init
1034 741 1123 808 nobis
1153 742 1205 826 qui
1228 741 1321 810 vellet

93 855 289 942 obtemperare:
325 859 405 924 certe
432 858 467 924 in
494 875 644 942 maguum
668 857 811 924 timorem
840 855 977 924 conversi
1006 856 1121 924 fuimus
1150 876 1197 938 ne,
1227 857 1254 924 si
1283 875 1318 924 ea

95 968 229 1040 Gallorum
258 992 368 1041 manus
396 993 451 1058 per
479 974 599 1040 nostros
622 973 654 1039 st
676 969 706 1038 S.
728 971 765 1038 R
788 972 941 1040 Ecclesiae
971 973 1071 1038 status
1100 972 1160 1040 iter
1188 973 1321 1052 haberet

93 1105 148 1152 cnm
166 1109 298 1156 essemus
320 1091 352 1157 et
373 1088 477 1156 anime
499 1109 533 1155 ao
552 1089 708 1155 voluntate
730 1089 761 1156 et
776 1088 871 1172 copiis
893 1087 1080 1154 militaribus
1102 1087 1243 1168 inermes
1259 1088 1320 1154 ali·

94 1203 153 1284 quid
172 1205 317 1288 gravioris
339 1205 445 1272 damni
467 1223 502 1270 ao
523 1203 650 1290 periculi
672 1203 760 1270 nobis
783 1203 815 1268 et
836 1204 927 1270 rebus
949 1203 1063 1269 nostris
1086 1203 1226 1270 interret:
1249 1222 1319 1288 pre·

93 1319 182 1386 settim
202 1340 272 1388 eum
295 1322 376 1387 esest
398 1321 486 1388 nobis
504 1319 706 1386 dubitandum
729 1339 767 1387 ne
782 1319 966 1386 Francorum
981 1339 1041 1397 rer,
1056 1321 1194 1385 veterum
1215 1318 1322 1386 inimi-

91 1433 213 1502 citiarum
240 1457 317 1521 qnas
346 1436 505 1504 nobiscum
533 1435 682 1504 habuerat
710 1453 836 1514 memor,
864 1434 952 1502 fflern
981 1433 1146 1502 ulciscendi
1178 1434 1325 1518 arriperet

92 1551 270 1619 occasionum.
315 1551 352 1618 In
374 1571 409 1620 eo
432 1569 504 1618 casu
533 1550 738 1636 pugnavimus
761 1569 816 1617 nos
838 1549 962 1635 quidem
984 1549 1153 1616 rationibus
1175 1552 1207 1615 et
1229 1568 1322 1634 argu-

93 1667 188 1732 mentis
215 1687 253 1735 ne
282 1687 393 1734 munus
414 1668 470 1734 illu
498 1667 533 1733 in
560 1685 689 1752 rognum
711 1665 949 1752 Neapolitanum
979 1665 1159 1746 mitteretur,
1188 1667 1220 1733 et
1241 1665 1325 1733 omni

92 1781 280 1850 officitucline
302 1782 382 1868 apud
405 1801 541 1850 cesareos
563 1782 654 1850 ouess
677 1782 849 1850 institimus
872 1783 907 1850 ut
921 1781 1025 1848 cedere
1047 1782 1178 1867 tempori
1199 1783 1231 1850 et
1252 1781 1324 1848 dare

91 1915 118 1960 se
136 1897 281 1966 faciliores
303 1898 343 1965 ad
366 1899 557 1966 concordiam
579 1899 701 1980 vellent
730 1918 784 1983 per
805 1917 898 1983 quarn
921 1901 952 1965 et
974 1917 1103 1983 regnum
1125 1897 1227 1983 ipsum
1250 1917 1324 1964 eon·

91 2029 194 2080 serame
222 2017 349 2099 possent
377 2017 409 2082 et
436 2033 493 2080 nos
522 2015 555 2081 in
584 2015 650 2081 tam
678 2033 770 2100 grave
800 2013 963 2081 discrimen
993 2033 1053 2080 non
1082 2016 1241 2099 ponerent;
1273 2012 1326 2080 sed

90 2144 149 2192 curn
169 2130 247 2214 apud
269 2131 341 2197 illos
364 2129 467 2196 miuus
490 2129 638 2197 valuisset
659 2129 743 2214 pacis
766 2129 920 2214 cogitatio,
950 2150 1001 2197 rer
1024 2149 1093 2198 vero
1115 2131 1181 2216 ipse
1204 2129 1326 2215 penitus

88 2241 273 2312 deliberasset
294 2247 412 2330 partem
428 2245 575 2312 ararum
598 2245 631 2310 in
654 2263 783 2330 regnum
797 2245 929 2326 mittere,
952 2245 1179 2331 affirmaretque
1201 2245 1279 2312 velle
1295 2266 1327 2312 ee

88 2359 202 2442 experiri
224 2363 329 2427 utrum
351 2379 408 2427 nos
430 2361 521 2427 aerbo
537 2363 568 2426 et
584 2360 779 2428 simulatione
802 2379 842 2426 an
864 2381 897 2428 re
919 2379 990 2427 vera
1011 2363 1170 2446 patemem
1193 2363 1328 2429 mentem

88 2490 152 2556 erga
170 2477 324 2562 principes
346 2475 530 2542 christianos
553 2476 710 2560 aequalem
733 2494 916 2560 gereremus,
939 2477 1059 2560 quaesi
1081 2477 1115 2543 in
1135 2476 1225 2543 nobis
1247 2479 1329 2544 esset

87 2607 140 2654 non
161 2589 301 2660 dubitare
324 2611 357 2658 se
379 2591 481 2660 aiebat
503 2591 577 2675 quin
598 2590 680 2657 idem
702 2591 752 2657 illi
774 2591 853 2675 quod
872 2590 1054 2658 adversariis
1077 2591 1141 2658 suis
1164 2591 1327 2658 transitum

88 2701 219 2772 videlicet
240 2709 273 2774 et
295 2725 448 2772 annonam
470 2706 715 2782 concederemns;
744 2707 778 2773 in
799 2725 834 2774 eo
856 2725 928 2773 casu
959 2707 1087 2792 ancipiti
1108 2709 1139 2774 et
1153 2709 1329 2792 periculoso,

87 2817 119 2882 de
139 2839 196 2904 qno
219 2823 319 2888 multo
341 2823 412 2888 auls
427 2821 549 2888 anobis
571 2821 672 2888 fuerat
686 2821 888 2907 trepidatum,
911 2824 965 2889 aut
979 2843 1066 2890 arma
1081 2824 1169 2890 nobie
1184 2823 1329 2908 capienda

86 2931 197 3002 fucrant
218 2939 274 3004 aut
295 2937 421 3004 illorum
443 2937 669 3004 transeuntium
683 2937 827 3004 amodum
849 2937 991 3004 licentiae
1013 2940 1104 3024 atque
1119 2938 1254 3019 arbitrio,
1277 2941 1330 3004 aut

86 3048 153 3115 ides
174 3055 207 3118 et
230 3053 379 3120 securitas
401 3072 420 3119 a
442 3071 514 3138 rege
535 3053 725 3139 postulanda
754 3054 850 3120 urna
873 3073 978 3139 capere
1000 3074 1055 3121 neo
1076 3056 1253 3123 volebamus
1275 3074 1331 3122 nec

85 3163 142 3231 iarn
163 3171 354 3253 poter-amum
377 3169 512 3253 primurn
534 3169 605 3254 quia
628 3188 714 3236 arma
736 3169 847 3236 vicario
870 3169 986 3236 Christi
1007 3190 1140 3256 congrua
1166 3190 1228 3237 uon
1250 3173 1330 3250 sunt,

88 3279 190 3350 deinde
212 3284 286 3369 qnia
308 3303 380 3370 opes
403 3282 491 3352 Sedis
521 3284 705 3369 apostolicae
733 3285 859 3352 attritas
881 3285 996 3352 bellum
1024 3285 1105 3352 alere
1127 3287 1159 3352 et
1181 3287 1332 3354 sustinere

84 3414 140 3464 non
160 3399 320 3476 valebant3
350 3399 441 3467 tortio
463 3399 536 3485 qnia
563 3401 630 3467 luoe
659 3399 771 3467 clarius
800 3400 997 3468 cernebamus
1020 3401 1048 3467 si
1075 3420 1229 3469 armorum
1258 3403 1330 3468 tan-

84 3511 238 3582 tummocio
267 3533 379 3583 nomen
400 3515 657 3601 increpuissemus
679 3534 802 3583 omnem
832 3516 897 3583 vim
919 3517 994 3584 belli
1022 3518 1168 3586 adversus
1190 3537 1246 3585 uos
1268 3517 1332 3585 fore

171 3773 191 3836 ¹)
209 3776 243 3826 B
260 3789 313 3825 rere
330 3775 523 3837 prothonotarius
536 3775 643 3826 oliberti
660 3777 787 3838 scripserat
804 3777 851 3827 lanu
869 3777 907 3826 ile
920 3778 963 3826 26.
975 3779 1034 3827 Nor.
1046 3779 1103 3827 anni
1118 3779 1197 3828 1524:
1216 3777 1299 3837 ,ciros
1317 3780 1333 3827 11

85 3869 195 3921 titurius
212 3873 230 3921 il
249 3871 451 3922 cnumsmntno
476 3873 609 3932 dequesta
633 3871 771 3935 fflrenloue,
797 3875 982 3936 ripaeursae,
1008 3889 1051 3924 aas
1068 3875 1159 3925 Μ
1184 3889 1231 3924 non
1256 3889 1285 3925 ne
1303 3877 1335 3925 lna

84 3969 158 4017 reluta
176 3971 300 4020 inunum
317 3971 416 4020 ments·
444 3997 473 4008 -·
502 3966 657 4020 oseem
682 3971 796 4029 Nessoclse
819 3973 942 4034 diplomat
960 3986 1008 4022 soc
1033 3973 1079 4022 rol.
1097 3974 1127 4022 11.
1145 3987 1169 4035 p.
1188 3974 1250 4023 798.
1269 3974 1334 4022 Paris

85 4063 158 4115 laer.
194 4067 226 4118 Bt
245 4081 324 4118 nense
342 4069 449 4128 monenti
471 4069 566 4128 quidam
589 4069 736 4119 consiliarios
758 4071 876 4130 pontificu
894 4071 1022 4120 nubebus
1059 4070 1164 4130 ,Quarta
1181 4075 1278 4133 pessula
1296 4073 1332 4121 clei

86 4162 190 4214 humi
214 4166 246 4213 di
265 4167 364 4216 tutilo
386 4167 473 4224 vande
496 4167 519 4215 al
541 4166 637 4228 Papae
655 4167 766 4216 munima
783 4167 867 4228 perche
886 4169 1029 4226 rationando
1046 4169 1084 4218 del
1102 4169 1285 4229 prorrerllmsntl
1304 4171 1334 4218 da

83 4258 136 4310 aru
152 4275 196 4324 psr
212 4263 338 4313 rinadium
355 4263 401 4312 elle
418 4277 472 4312 ease
485 4265 601 4313 mesdei
619 4265 748 4314 florentini
760 4278 774 4314 e
785 4265 823 4314 iel
841 4279 925 4326 name,
944 4267 1034 4324 :lodice
1047 4265 1090 4315 olle
1101 4266 1135 4324 eli
1146 4267 1183 4315 sis
1194 4269 1335 4327 mauric,

83 4367 126 4404 uon
147 4361 249 4409 volendo
271 4361 380 4410 rovinus
403 4373 429 4409 se
446 4375 460 4410 a
477 4363 524 4420 nol,
550 4361 575 4410 ul
599 4361 717 4412 rlsolrerel
736 4396 743 4411 .
762 4395 769 4412 .
788 4396 795 4411 .
815 4363 835 4412 ei
854 4364 977 4414 accenseri
995 4395 1002 4412 .
1022 4396 1029 4411 .
1048 4399 1056 4415 .
1074 4376 1143 4412 unsa
1168 4377 1214 4413 uns
1238 4365 1334 4413 minima

82 4455 207 4506 mone
226 4457 290 4516 degli
308 4457 449 4519 impsrlrll‘.
485 4459 625 4508 11111198.

133 4561 239 4608 ῌιωιιι
253 4563 361 4600 mano·
376 4563 424 4606 νη,
1155 4549 1176 4616 5
