3192 4930
148 1053 355 1150 BREVIA
380 1051 456 1148 AD
481 1047 788 1147 PRINCIPES
813 1047 1138 1146 CLEMENTIS
1165 1049 1260 1146 VII.

652 1229 764 1292 1525.

676 1551 727 1616 33.

485 1714 643 1788 viceregl
668 1713 917 1788 Neapolitano.

166 1869 280 1936 Dilecta
295 1868 342 1934 tili
365 1869 420 1934 eto.
459 1865 540 1946 Quid
562 1868 708 1934 hactenus
732 1866 898 1933 voluntatis
921 1869 1043 1932 nostras
1058 1865 1158 1946 buerit
1182 1867 1213 1932 et
1228 1885 1327 1950 quen-

88 1981 146 2046 tum
166 1982 426 2060 elaboraverimus,
456 1983 491 2048 ut
513 1983 562 2048 bis
584 1981 762 2066 perniciosis
785 1985 817 2048 et
838 1981 1042 2065 pertinacibus
1073 1981 1168 2048 armis
1191 1981 1325 2058 omissis,

88 2095 177 2180 eliqua
198 2098 281 2182 pacis
304 2098 336 2163 et
364 2097 538 2164 concordiae
561 2099 639 2164 ratio
662 2097 804 2175 iniretur,
834 2097 991 2180 ruentique
1022 2095 1061 2163 ad
1083 2099 1252 2162 extrenmm
1275 2096 1324 2162 in-

88 2212 199 2278 teritum
221 2213 442 2280 christianitati
464 2213 632 2280 coniunctis
656 2213 769 2278 animis
792 2215 1028 2290 succurreretur,
1052 2213 1105 2278 tua
1130 2211 1274 2278 nobilitas
1291 2211 1325 2278 in

86 2327 181 2407 primia
203 2331 385 2414 potestesse
400 2329 498 2396 testis.
538 2328 625 2394 Vidit
648 2327 730 2394 enim
752 2327 820 2412 ipse
843 2330 874 2393 et
889 2327 1031 2412 cognovit
1046 2327 1180 2394 notiones
1195 2327 1326 2406 nostres,

87 2441 193 2510 nullum
215 2445 253 2510 cd
276 2443 469 2512 commodum
492 2441 653 2528 privatum
678 2443 731 2510 sed
754 2443 792 2508 cd
814 2461 974 2510 commune
990 2444 1102 2510 bonurn
1125 2443 1327 2527 pertinentem

85 2558 132 2638 qui
152 2559 240 2624 etism
263 2579 281 2624 a
304 2559 376 2625 boni
399 2561 430 2624 et
452 2560 541 2644 aequi
568 2559 665 2644 petris
695 2578 831 2644 persona,
862 2559 941 2626 siout
963 2558 1102 2625 debitum
1132 2559 1269 2624 nostrum
1293 2561 1324 2624 et

85 2675 243 2757 temporum
273 2693 390 2758 qnoque
419 2693 454 2740 ae
483 2675 573 2742 huius
604 2674 674 2741 su·
705 2673 791 2740 Sedis
823 2675 1013 2740 tertianarum
1043 2674 1121 2740 rstio
1144 2673 1327 2758 postulabat,

90 2785 269 2854 instituimus
293 2808 354 2855 non
377 2789 543 2866 discedere3
567 2809 637 2856 oum
661 2789 686 2854 si
714 2789 774 2855 alio
797 2789 900 2856 unimo
922 2788 1087 2856 fuissemus
1110 2788 1327 2873 promissiones

89 2902 152 2966 iuss
179 2903 416 2989 honorificusque
445 2904 642 2982 conditiones,
665 2904 702 2970 de
731 2905 842 2988 quibus
871 2903 999 2970 dilectus
1029 2904 1112 2970 iilius
1142 2904 1253 2970 nobilis
1283 2903 1330 2970 vir

84 3017 210 3084 Alcisius
245 3019 304 3085 dux
342 3019 512 3086 Suessanus
548 3019 610 3084 tuis
641 3019 740 3086 verbis
771 3021 859 3086 nobis
888 3020 1052 3104 proposuit
1088 3018 1235 3086 fuerimus
1270 3019 1326 3085 ad-

85 3131 215 3210 missuri;
238 3134 292 3200 sed
307 3135 389 3200 vivet
404 3135 562 3219 vincetque
585 3134 618 3200 in
641 3135 729 3202 nobis
754 3153 871 3219 semper
894 3134 965 3200 boni
989 3135 1119 3218 pastoris
1142 3134 1276 3200 officium
1299 3136 1330 3202 et

84 3245 195 3314 utilitas
216 3249 399 3334 reipublicae
415 3249 606 3316 christianae.
631 3248 721 3316 Nunc
745 3269 812 3316 vero
828 3269 898 3316 cum
914 3250 984 3316 aliis
1007 3249 1149 3334 prodesse
1164 3249 1328 3333 cupientes,

82 3357 110 3424 id
131 3381 191 3428 non
218 3365 405 3448 potuerimus
435 3365 571 3450 sssaqui;
600 3367 697 3432 restat
728 3367 763 3430 ut
786 3365 895 3432 salutis
925 3365 1050 3434 demum
1079 3369 1200 3432 nostrus
1224 3367 1255 3431 et
1279 3385 1328 3432 se-

82 3477 215 3544 curitatis
237 3481 337 3546 status
360 3480 560 3546 ecclesiastici
581 3499 617 3546 ac
639 3479 710 3546 fidei
734 3481 854 3548 nosbse
877 3481 1111 3548 commissorum
1132 3499 1201 3548 eum
1223 3500 1328 3548 curam

82 3587 240 3662 babeamus
262 3613 355 3680 quam
379 3595 544 3664 necessitas
567 3597 633 3662 tert.
680 3596 780 3682 Igitur
809 3596 1038 3662 transeuntibus
1070 3597 1152 3682 regis
1181 3597 1325 3665 christia·

82 3705 200 3775 nissimi
220 3729 273 3794 per
302 3710 450 3776 ditionem
480 3711 719 3778 ecelesiasticam
741 3713 772 3778 et
794 3711 931 3778 nostram
954 3711 1058 3796 copiis,
1088 3711 1183 3778 ermis
1206 3713 1330 3780 omuino

81 3825 226 3904 carentes,
255 3845 333 3911 quae
361 3845 416 3892 nec
445 3827 597 3912 pastorale
626 3825 770 3906 officium
800 3845 854 3893 nec
883 3829 1005 3912 egestas
1035 3827 1116 3894 sedis
1146 3829 1330 3912 apostolicas

81 3937 163 4004 nobis
186 3942 413 4024 permittebant
442 3941 633 4008 concordiem
662 3940 790 4008 tscimus
819 3943 980 4026 cumipse
1009 3942 1114 4010 eodem
1146 3962 1217 4028 rega
1246 3943 1329 4009 chri·

81 4053 273 4134 alienissimo,
304 4056 349 4122 eis
379 4055 612 4136 conditionibus,
642 4058 673 4122 et
696 4077 730 4122 es
753 4058 987 4124 conventionum
1016 4061 1233 4143 pectorumque
1262 4076 1330 4124 mo-

80 4167 183 4250 destis,
213 4173 248 4237 ut
278 4171 369 4238 faede
400 4175 552 4257 appareat
584 4171 664 4238 nihil
693 4191 711 4238 a
741 4173 841 4251 nobis,
871 4172 932 4240 nisi
957 4173 1063 4258 iugem
1094 4173 1125 4238 et
1153 4173 1333 4240 outonem

80 4285 278 4366 periculorum
309 4287 404 4354 fuisse
434 4289 613 4374 quaesitum.
673 4287 722 4354 Ad
757 4287 837 4374 quod
866 4289 1029 4357 consilium
1065 4289 1159 4356 etiam
1190 4287 1334 4355 fidentius

79 4401 260 4468 acmssimus
291 4403 372 4492 quod
408 4423 442 4470 ex
473 4403 589 4470 litteris
619 4403 801 4471 venerabilis
831 4403 936 4470 botris
970 4403 1090 4470 Nimlei
1119 4403 1336 4494 archiepiscopi
