3128 4908
558 297 802 362 ...223-

68 490 140 556 ticoli
159 509 247 558 curae
270 491 303 557 et
324 488 502 576 diligentiae
517 489 696 556 necessaria.
742 489 779 554 ln
801 506 860 573 quo
883 486 1020 554 celeriter
1034 486 1096 570 ipsi
1118 484 1307 570 cognoscetis

68 625 150 689 quam
170 606 213 672 eit
233 606 323 672 nobis
338 605 422 672 cordi
442 605 660 672 omnicreator
681 605 778 672 bonos
800 605 831 670 et
846 621 937 670 omne
950 602 1172 668 incrementum
1188 602 1308 668 restrae

67 722 255 800 auctoritatis,
277 740 355 806 qnae
377 721 406 786 si
420 721 524 804 ample
546 722 577 786 et
591 738 706 804 magm
727 720 809 786 esset
823 718 947 785 tanturn
968 717 1118 803 quantum
1138 735 1195 782 noe
1210 715 1306 782 velle·

67 857 136 916 mos,
162 836 295 922 proiecto
325 837 357 902 et
378 855 449 902 curn
478 833 645 902 christiano
675 834 798 900 nomine
826 835 858 899 et
886 852 956 900 cnm
987 833 1085 900 salute
1108 831 1307 898 Germanicae

67 951 151 1018 totius
171 952 306 1018 nationis
328 952 440 1018 melius
462 953 611 1036 ageretur.
656 951 704 1016 Do
726 949 776 1016 trie
805 949 1020 1016 mandarimus
1047 949 1221 1033 supradicto
1243 949 1305 1014 Ac-

67 1068 154 1134 cursio
175 1068 211 1133 ut
231 1068 356 1134 uberius
378 1067 418 1132 ad
440 1085 494 1133 roe
518 1066 669 1132 scriberet
716 1065 781 1133 Noe
804 1083 881 1149 quae
895 1067 998 1150 pertee
1020 1067 1143 1132 nostrae
1165 1065 1254 1132 crunt
1276 1066 1307 1130 et

66 1183 261 1267 agnoscendae
283 1185 316 1249 et
344 1181 581 1250 remunerandae
603 1183 722 1248 restrae
744 1181 873 1248 eximiae
894 1180 1017 1248 virtuts
1046 1181 1196 1266 quantum
1219 1180 1307 1248 nobis

66 1299 204 1366 Dominus
219 1299 412 1378 concesserit
434 1299 515 1365 nibil
529 1297 775 1382 praetermissuri
789 1317 896 1364 snmus
912 1315 1008 1382 neque
1030 1297 1064 1364 in
1078 1295 1187 1374 officio,
1210 1315 1307 1380 neque

66 1414 328 1492 inbensrolentia.
359 1415 439 1480 sieut
460 1413 635 1499 propediem
664 1413 751 1480 robis
774 1411 935 1480 constabit
981 1413 1098 1480 Datum
1119 1413 1236 1480 Romoe
1257 1411 1307 1478 die

67 1530 120 1596 eiii
141 1529 247 1598 Martii
268 1529 400 1600 mdxxvi
445 1531 535 1598 Anno
557 1529 656 1597 tertio.

144 1726 321 1812 Praeposito
343 1727 375 1792 et
404 1725 537 1810 capitulo
560 1723 746 1792 Obremensi
791 1725 851 1791 Pro
874 1725 995 1792 Andros
1018 1723 1132 1792 (tenero
1154 1726 1305 1792 Bamber·

66 1843 152 1924 gensi
194 1843 254 1909 Die
276 1843 316 1908 ix
339 1840 446 1908 Martii
468 1841 599 1908 mdxxri

145 2036 287 2106 Generali
316 2035 431 2104 ordinis
460 2036 623 2104 Minorem
668 2037 829 2105 Interdicit
856 2037 906 2104 illi
932 2037 1067 2122 pontifex
1095 2037 1135 2103 ad
1163 2037 1307 2104 unionem

66 2151 216 2235 pristimrn
246 2152 383 2239 redigere
405 2152 672 2239 congregationem
693 2153 823 2220 Tusciae
844 2152 961 2219 ordinis
983 2153 1114 2219 bubum
1143 2151 1307 2233 Minorem,

65 2267 169 2336 iamdiu
189 2289 209 2336 a
230 2269 348 2354 reliquo
362 2287 484 2354 corpore
504 2269 597 2335 iustis
619 2268 657 2335 de
672 2269 790 2335 causam
811 2288 866 2353 per
881 2267 990 2335 θοᾱθω
1006 2284 1104 2352 apsom
1125 2269 1306 2353 seperamm

67 2382 168 2451 moen
190 2384 241 2452 die
262 2386 296 2451 et
317 2403 396 2452 anno
418 2385 455 2450 ut
477 2403 576 2468 supra.

142 2580 308 2648 trobidnci
323 2579 503 2666 (Austriaa).
518 2617 560 2627 —
578 2579 638 2646 Pro
652 2579 776 2648 Andros
791 2578 905 2648 Conero
923 2580 1160 2647 controversiam
1175 2579 1306 2649 habente

67 2713 125 2762 oum
151 2697 324 2782 praeposito
353 2697 385 2762 et
412 2695 546 2780 capitulo
575 2695 720 2762 ecclesiae
742 2694 936 2762 Obremensis
964 2695 1050 2762 ordl·
1076 2693 1106 2762 S.
1129 2695 1305 2780 Augustini,

67 2827 144 2893 sopor
164 2810 298 2896 quadmn
318 2811 464 2895 pensione
484 2830 539 2894 pro
561 2810 719 2878 concordia
740 2811 939 2896 parrochialis
961 2811 1105 2878 ecclesiae
1126 2811 1160 2878 in
1174 2811 1307 2896 Bratiug

68 2921 319 3012 Saltaburgensis
342 2926 479 2994 diocesis
524 2927 583 2993 Die
605 2928 637 2993 et
659 2945 738 2994 anno
760 2929 796 2993 ut
818 2945 917 3011 snpra

143 3121 299 3189 (lardiuali
313 3122 352 3189 cle
367 3121 521 3190 Selriatis
531 3160 576 3170 -
590 3123 650 3190 Pro
665 3122 881 3190 Francisohino
897 3122 934 3188 de
945 3121 1069 3208 anmis
1084 3123 1183 3209 quood
1203 3123 1304 3190 balia-

68 3235 125 3302 turn
138 3235 186 3304 Sa·
206 3235 357 3322 Stephani
370 3240 402 3305 et
415 3238 586 3323 prioratum
601 3236 672 3304 Seu
687 3235 868 3316 christinae.
884 3239 963 3304 circa
978 3258 1055 3324 quae
1070 3237 1180 3306 Caesen
1194 3258 1304 3324 quam-

70 3349 131 3418 dam
150 3353 252 3420 minus
275 3354 391 3420 instaur
414 3353 662 3420 deliberationem
684 3355 832 3436 coeperat
854 3391 899 3400 -
922 3374 948 3420 x.
972 3353 1078 3420 Martii
1100 3354 1231 3422 mlxxvi

143 3547 292 3615 Mercurio
314 3548 352 3615 do
375 3548 549 3616 Gattiucm
569 3548 695 3636 (magno
718 3549 897 3616 cancellario
912 3547 1064 3636 caesana)
1081 3589 1123 3596 —
1140 3550 1177 3616 de
1199 3551 1305 3617 οαᾱοω

71 3677 104 3725 re.
123 3699 161 3708 -
183 3663 296 3731 Mem
320 3663 370 3730 die
392 3667 424 3730 et
445 3683 533 3731 enno.

622 3901 719 3996 ⁴173.

586 4045 780 4108 Caesari.

147 4197 315 4268 (tamenne.
359 4200 579 4267 laetissimum
594 4200 740 4267 nuncinrn
754 4201 839 4286 pacis
853 4203 885 4267 et
907 4201 1082 4268 concordiae
1095 4201 1177 4268 inter
1199 4207 1303 4268 earam

73 4311 145 4379 bam
157 4317 187 4382 ot
198 4315 415 4383 charissimum
435 4315 513 4382 item
527 4317 561 4384 in
575 4315 697 4382 Christo
719 4315 819 4383 fllium
834 4319 972 4385 nortuum
988 4317 1184 4384 lbandscum
1200 4337 1303 4402 rogem

73 4423 344 4498 ffibauioeimum
367 4431 474 4510 botae
503 4451 594 4515 quem
616 4450 652 4497 ex
674 4432 788 4498 litteris
810 4434 978 4499 multonem
1001 4435 1032 4498 et
1054 4432 1137 4498 buxa
1160 4434 1228 4518 ipsa
1249 4453 1301 4498 ac·
