3152 4902
581 288 825 352 -117-

94 483 210 568 petimus
225 503 286 548 non
301 483 440 548 dubitare
456 501 510 548 nos
528 482 755 548 serenissimum
780 481 878 546 lilium
894 481 959 558 tihi,
984 500 1085 564 regern
1102 500 1191 545 suurn
1208 477 1327 546 Galliae

94 599 228 664 redditum
243 598 290 678 iri,
314 618 406 684 quam
422 618 507 683 spem
523 598 554 663 in
570 597 657 663 nohis
673 597 783 664 excitat
791 595 928 662 Caesaris
944 597 1041 680 ipsius
1057 595 1165 680 optimi
1181 595 1327 680 principis

93 716 197 780 bonitas
219 717 250 780 et
273 714 388 780 summi
411 714 469 779 Dei
492 713 662 792 clementia,
693 733 767 797 quos
791 732 846 778 nos
869 713 975 778 ambos
1005 714 1153 796 quantum
1176 711 1209 777 in
1238 711 1326 777 nobis

92 831 139 895 erit
159 830 294 914 precibus
317 830 430 895 nostris
459 829 579 913 placare
602 847 662 894 nen
692 829 883 894 desistemus.
929 826 1004 893 Oum
1028 830 1130 894 autem
1154 847 1233 893 nunc
1255 847 1324 892 cunr

90 946 184 1012 dilecto
206 946 269 1012 filio
292 945 411 1012 Joanne
432 945 583 1029 Iangiato
599 945 681 1029 regio
704 943 877 1010 consiliario
900 946 930 1010 et
945 944 1094 1028 magistro
1117 945 1325 1028 requestarum

90 1061 196 1128 homine
217 1061 364 1146 prudente
387 1063 418 1127 et
448 1061 655 1146 singularibus
686 1060 850 1126 virtutibus
878 1059 996 1144 predita
1026 1060 1158 1125 multum
1181 1057 1218 1124 de
1241 1059 1271 1124 to
1294 1060 1325 1124 et

89 1178 165 1242 robus
186 1178 247 1242 tuis
263 1177 406 1243 omnibus
421 1196 556 1242 essemus
578 1177 681 1254 locuti,
695 1177 810 1242 hortati
833 1197 938 1242 sumna
961 1196 1030 1241 01111
1054 1177 1088 1240 11
1103 1176 1220 1240 11011101
1237 1175 1324 1239 tuam

89 1295 177 1359 nostro
199 1312 315 1376 quoque
331 1293 454 1358 nomine
476 1292 541 1376 ipse
564 1293 769 1358 consolaretur
792 1311 826 1357 ao
842 1291 901 1358 tibi
921 1277 1082 1376 paternum
1105 1290 1243 1357 animum
1266 1309 1322 1355 no·

89 1409 172 1473 atrurn
193 1409 225 1474 in
254 1409 397 1474 omnihus
427 1407 565 1492 aperiret,
594 1407 627 1474 in
656 1427 715 1491 quo
737 1407 765 1472 is
795 1408 883 1474 nobis
906 1409 937 1474 et
967 1425 1104 1474 sermone
1133 1407 1203 1491 apto
1233 1406 1323 1490 atoue

88 1523 218 1606 prudente
241 1525 272 1590 et
295 1523 379 1590 omni
410 1522 632 1608 significatione
662 1523 732 1589 fidei
762 1525 853 1608 atque
882 1523 995 1589 amoris
1025 1541 1097 1606 erga
1127 1542 1174 1588 res
1204 1523 1322 1588 vestras

88 1639 235 1716 satisfaciu
264 1640 351 1706 cuius
374 1641 410 1706 de
433 1638 598 1704 virtutibus
621 1657 804 1722 quamquam
835 1639 933 1704 multa
957 1639 1124 1703 multorum
1146 1635 1322 1703 testimonio

86 1757 162 1820 11101
176 1755 440 1833 intellexissemus,
463 1757 568 1820 tamen
583 1754 654 1819 illae
677 1753 765 1820 nohis
781 1755 941 1837 postquam
965 1753 1055 1819 illum
1077 1751 1201 1836 propius
1223 1771 1320 1836 agno·

86 1869 171 1936 rimus
185 1872 250 1937 visa
275 1872 347 1936 sunt
362 1871 491 1945 maiora;
514 1869 655 1937 idoneum
670 1869 765 1954 igitm
780 1869 990 1948 iudicavimus,
1013 1869 1064 1953 qui
1078 1867 1320 1935 benevolentiam

85 1989 206 2052 nostram
229 1985 268 2051 ad
282 1987 314 2052 te
336 1989 366 2052 et
382 1986 518 2051 studium
541 2007 642 2052 rerum
665 1989 834 2052 vestrarum
857 1986 940 2052 omni
955 1985 1084 2052 honesta
1105 1984 1221 2050 ratione
1240 1983 1320 2066 apud

85 2101 228 2168 Caesarem
259 2101 361 2186 ipsum
385 2102 545 2186 presertim
567 2101 768 2167 iuvandamm
790 2101 943 2185 perferret,
973 2101 1021 2166 cui
1044 2101 1079 2166 ut
1100 2101 1192 2167 fidem
1214 2101 1247 2164 in
1270 2101 1319 2166 his

84 2215 318 2284 laheatnobl8¹1¹
341 2219 426 2282 tuam
449 2219 534 2283 enixe
558 2217 762 2284 adhortamur.
807 2217 873 2284 Nos
896 2237 949 2301 pro
973 2218 1118 2302 peculiari
1140 2218 1194 2283 illo
1216 2237 1319 2284 amore

84 2351 132 2414 quo
151 2335 181 2399 et
202 2335 310 2399 natum
333 2334 421 2398 tuum
443 2332 542 2398 filium
565 2333 653 2399 nobis
675 2333 893 2401 charissimum
915 2336 947 2400 et
968 2335 1085 2400 noh.tull
1101 2336 1187 2400 tuam
1211 2353 1316 2400 sumus

83 2448 225 2528 prosecuti,
241 2449 299 2515 etsi
315 2448 392 2514 alins
416 2447 497 2514 idern
512 2448 648 2526 fecimus,
665 2450 769 2514 11111011
792 2469 870 2516 nunc
886 2468 1002 2534 quoque
1025 2449 1083 2515 tibi
1098 2468 1220 2515 ornnem
1242 2470 1315 2533 ope-

84 2581 137 2628 ram
157 2565 288 2650 gratiam
311 2564 472 2630 consilium
495 2564 707 2630 auctoritatem
724 2567 859 2630 nostram
876 2565 1023 2649 quantum
1040 2584 1074 2630 er
1097 2565 1169 2631 honi
1183 2565 1315 2649 pastoris

82 2677 164 2745 0111110
192 2680 309 2746 licitum
342 2682 389 2746 est
412 2681 443 2746 et
465 2679 623 2746 referimus
647 2681 678 2746 et
700 2680 886 2765 pollicemur,
910 2680 1046 2764 nihilque
1071 2680 1315 2764 praetermissuri

82 2811 171 2860 snmus
193 2796 271 2880 quod
294 2796 402 2880 aptum
424 2814 490 2861 esse
513 2795 611 2880 possit
640 2795 678 2860 ad
701 2796 862 2862 levandam
885 2799 916 2862 et
938 2796 1142 2881 mitigandam
1166 2799 1313 2882 utsupra

82 2905 196 2976 dixirim
216 2911 426 2977 calamitatem
449 2913 534 2978 tuem
558 2911 637 2977 siout
660 2911 819 2978 abeodem
841 2913 990 2997 hengisto
1013 2933 1103 2997 quem
1126 2932 1228 2978 amare
1251 2933 1312 2980 non

81 3023 250 3093 mediocriter
273 3027 409 3111 cepimus
433 3027 540 3093 noble·
562 3028 615 3092 tua
638 3027 757 3110 plenius
779 3027 940 3112 intelliget.
986 3029 1102 3094 Datum
1125 3028 1239 3094 Romae
1262 3029 1311 3096 die

81 3138 281 3210 1111111111
303 3142 423 3209 mdxxv.
468 3143 557 3209 Anno
580 3142 718 3210 secundo.

658 3404 709 3470 87.

489 3569 620 3641 Magno
644 3567 875 3629 cancellario.

150 3721 338 3790 111Ιο010111
385 3721 461 3788 Cum
491 3724 689 3788 reverteretur
717 3723 755 3788 ad
786 3741 905 3790 ser.mum
928 3723 1086 3790 Caesarem
1117 3725 1168 3792 dil.
1191 3726 1233 3794 fil.
1256 3727 1304 3794 Jo.

83 3830 287 3904 Bartholomaus
311 3838 348 3904 de
364 3835 538 3904 Gattinaria
560 3839 612 3922 qui
635 3838 787 3904 devotioni
810 3841 879 3905 tuae
896 3840 1008 3906 virtute
1030 3842 1061 3906 et
1075 3841 1235 3926 prudentia
1258 3844 1302 3909 si-

82 3945 147 4014 nilia
172 3953 432 4040 consanguinitate
461 3953 638 4020 coniunctus
668 3956 729 4034 est,
759 3955 818 4020 etsi
847 3955 918 4021 huic
940 3956 1066 4035 homini,
1095 3957 1180 4023 cuius
1211 3958 1302 4025 fidem

82 4057 222 4134 doctrinam
244 4069 464 4149 dexteritatem,
488 4072 518 4135 et
532 4071 566 4136 in
581 4069 665 4136 omni
680 4089 789 4155 genere
804 4072 938 4137 mentem
954 4071 1107 4158 integram
1129 4077 1301 4159 rectamque

83 4194 167 4246 sunus
193 4185 303 4270 experti
333 4184 436 4250 omnia
464 4187 569 4250 nostra
598 4185 726 4252 consilia
755 4186 986 4267 credididimus,
1016 4207 1092 4271 quae
1115 4188 1155 4255 ad
1176 4191 1207 4255 te
1230 4209 1300 4258 curn

83 4291 166 4362 udone
185 4301 339 4382 voluimus,
361 4302 465 4366 tamen
480 4301 530 4365 his
553 4320 669 4385 quoque
683 4301 795 4368 litteris
810 4303 963 4369 voluimus
985 4306 1016 4370 te
1030 4302 1199 4385 admonere,
1222 4305 1301 4374 nihil

82 4408 149 4474 nohis
168 4433 293 4501 unquam
316 4415 416 4502 magis
438 4435 474 4483 er
497 4416 648 4484 sententia
671 4417 825 4500 accidisse,
848 4438 940 4504 quam
962 4418 1041 4504 quod
1065 4419 1130 4488 sine
1154 4424 1293 4510 scrupulo
