3152 4902
763 225 1006 293 -168-

850 451 921 515 125.

735 617 819 687 Regi
844 615 1029 689 ungariae.

345 769 510 835 Carissimo
532 771 588 836 etc.
635 767 749 854 Magna
771 769 890 837 laetitia
912 788 967 837 nos
991 772 1155 838 effecerunt
1177 773 1247 837 tuae
1271 771 1483 837 correbtione

256 906 348 952 manu
378 886 500 970 propria
530 885 676 969 scriptam
707 886 921 972 significemnt
950 889 1032 953 enim
1056 888 1143 954 nobis
1167 889 1198 953 et
1228 885 1484 953 commendationes
1554 956 1561 979 Ι

256 1005 375 1068 nostras
391 1021 445 1086 pro
459 1001 584 1068 bomine
598 1001 745 1085 prudente
769 1003 799 1068 et
821 1005 913 1086 probo
928 1004 1125 1088 interpositae
1142 1003 1248 1088 magni
1263 1001 1407 1070 momenti
1419 1000 1484 1084 apud
1553 986 1561 1143 1

256 1123 285 1186 te
309 1121 413 1198 luisse,
436 1121 467 1186 et
490 1139 575 1204 spem
597 1119 630 1184 in
646 1117 733 1185 nobis
749 1120 918 1186 excitarunt
940 1120 1111 1204 teoptimis
1134 1120 1260 1204 posthac
1283 1118 1485 1186 consultoribus

256 1238 392 1303 utentem
418 1255 495 1320 quae
518 1255 536 1302 a
558 1254 671 1322 magno
686 1254 757 1320 rege
780 1235 965 1319 expectando
988 1238 1061 1302 sunt
1081 1239 1113 1303 et
1127 1255 1220 1321 regno
1243 1236 1417 1320 populisque
1437 1231 1485 1300 tuis
1554 1226 1567 1314 ²:

255 1355 286 1418 et
301 1353 359 1418 toti
382 1353 566 1418 christianae
582 1352 764 1435 reipublicae
786 1353 994 1436 prestiturum.
1039 1352 1110 1419 Non
1124 1353 1207 1420 enim
1230 1353 1404 1438 ignoramus
1424 1367 1485 1433 quae
1553 1286 1561 1421 1

254 1469 297 1534 sit
318 1468 437 1536 indoles
453 1467 576 1534 uirtutis
600 1469 669 1534 turae
691 1470 723 1534 et
744 1471 893 1553 quantum
916 1468 953 1534 de
975 1471 1029 1536 tua
1043 1469 1194 1553 probitate
1216 1468 1339 1553 ingenio
1361 1465 1486 1534 humani·
1554 1440 1560 1487 ²

255 1587 318 1651 tale
341 1583 524 1668 sperandum
549 1585 598 1649 sit.
644 1583 704 1650 Sed
726 1585 805 1670 quod
827 1587 875 1651 est
897 1585 960 1650 veri
983 1585 1064 1670 regis
1079 1585 1234 1669 proprium
1257 1603 1430 1668 cognoscere
1450 1600 1487 1646 res
1553 1554 1561 1665 l

254 1719 326 1767 suas
349 1703 380 1767 el
402 1719 463 1767 non
485 1699 595 1766 alienis
617 1719 736 1784 semper
758 1701 854 1767 oeulis
868 1719 996 1780 eernere,
1018 1700 1128 1768 alienis
1150 1699 1255 1768 audire
1277 1700 1408 1778 nuribus,
1427 1697 1488 1763 ida
1556 1696 1561 1705 '

255 1823 338 1884 ser.te
368 1819 421 1883 tua
444 1834 497 1900 pro
521 1817 625 1883 nostro
656 1816 806 1901 singulari
829 1819 860 1883 et
889 1835 957 1884 vere
986 1820 1112 1902 paterno
1134 1818 1167 1882 in
1189 1819 1220 1884 te
1243 1835 1346 1883 amore
1373 1817 1407 1881 ut
1426 1831 1489 1898 ages
1554 1796 1562 1891 ἱ

255 1933 433 2018 expetimus.
478 1931 630 1998 Novimus
652 1932 743 1998 istius
766 1933 853 2018 regui
874 1953 955 2018 opes,
979 1933 1051 2013 vim,
1080 1932 1207 2019 copiam,
1230 1933 1365 1998 virorum
1386 1929 1489 1997 animos
1555 1912 1562 1951 ¹

255 2051 286 2114 et
309 2049 430 2125 robora3
453 2067 529 2132 quae
553 2049 580 2114 si
595 2049 677 2133 regis
700 2049 860 2132 pmdentia
883 2053 963 2117 reete
978 2051 1192 2134 gubernentur,
1208 2046 1361 2114 industria
1375 2047 1489 2113 alantm.
1558 2054 1562 2071 ¹

256 2183 315 2230 nou
339 2161 427 2230 modo
450 2163 592 2230 finitimis
615 2165 735 2248 populis
758 2167 789 2232 et
812 2165 988 2232 nationibus
1012 2166 1065 2231 sed
1080 2165 1221 2232 omnibus
1244 2165 1278 2230 in
1301 2165 1385 2230 omni
1406 2161 1490 2228 lacul-

255 2281 318 2345 late
333 2279 419 2363 parte
432 2298 500 2345 esse
515 2283 651 2363 possunt.
697 2277 796 2360 Quem
820 2282 939 2346 tantem
955 2280 1252 2348 administrationem
1266 2281 1299 2346 et
1313 2279 1493 2346 moderamen

255 2414 358 2462 rerum
380 2395 584 2462 maximarum
614 2395 672 2460 tibi
694 2415 713 2461 a
736 2395 867 2462 Domino
889 2397 954 2462 Deo
983 2395 1090 2462 datum
1120 2396 1259 2481 cupimus
1283 2415 1301 2462 e
1324 2397 1355 2461 te
1384 2393 1428 2460 lili
1447 2409 1491 2458 ee·

255 2510 376 2576 rissime
399 2511 483 2595 regie
507 2511 618 2576 autunto
649 2513 739 2595 atque
762 2511 864 2578 animo
887 2512 1057 2596 gubernari.
1103 2512 1186 2580 Haeo
1209 2530 1279 2578 vero
1302 2511 1370 2597 ipse
1391 2510 1492 2596 guber·

256 2627 339 2692 notio
362 2627 394 2690 in
417 2626 534 2692 duabus
557 2629 647 2694 rebus
670 2628 866 2712 potissimum
889 2627 1038 2706 consistit
1070 2629 1104 2694 ut
1126 2631 1157 2696 et
1179 2631 1214 2694 tu
1235 2647 1289 2712 per
1312 2629 1342 2693 te
1365 2629 1433 2692 tuas
1454 2643 1493 2688 res

255 2742 422 2828 intelliges,
444 2745 475 2808 et
504 2745 651 2810 bonorum
674 2743 917 2810 consiliariorum
947 2764 982 2810 ac
1011 2744 1148 2811 bdelium
1177 2743 1389 2810 ministrorum
1416 2757 1494 2825 opere

256 2859 357 2934 rotare3
379 2859 433 2942 qui
455 2877 514 2926 non
539 2879 628 2926 suum
644 2860 797 2944 priuatum
821 2861 1012 2926 commodum
1036 2861 1088 2927 sed
1111 2863 1198 2926 tuam
1213 2861 1346 2944 gloriam
1361 2857 1495 2944 regnique

258 2973 352 3039 totim
375 2974 506 3040 salutern
529 2975 717 3059 propositam
740 2976 880 3043 babeant.

346 3089 410 3156 Hoc
432 3109 488 3156 nos
510 3091 612 3156 animo
635 3093 666 3157 et
688 3091 745 3157 hac
768 3093 814 3157 tui
835 3092 958 3159 honoris
981 3092 1147 3177 eupiditate
1168 3092 1285 3158 inducti
1307 3088 1493 3158 commenda·

257 3205 357 3270 vimus
380 3206 439 3272 tibi
461 3206 513 3272 dil.
529 3205 558 3272 fi.
582 3205 771 3290 Stephanum
787 3208 983 3275 Brodericum
1006 3208 1045 3274 ad
1067 3209 1201 3274 officium
1223 3207 1454 3274 cancellariatus
1467 3223 1495 3268 ec

257 3320 366 3386 nrrnoio
389 3321 460 3387 istic
482 3321 580 3388 nostri
609 3323 727 3389 bomini
749 3324 891 3407 pmdenti
920 3325 1147 3391 commissimus
1170 3326 1205 3390 ut
1227 3343 1434 3408 quaecumque
1454 3319 1495 3384 ri·

256 3435 340 3501 deret
363 3436 402 3502 ad
417 3438 613 3504 removendus
629 3437 719 3504 istius
742 3441 830 3524 regni
844 3440 1023 3507 offensiones
1039 3443 1206 3524 opportuna
1229 3459 1264 3506 ea
1279 3442 1385 3506 nostra
1400 3440 1495 3504 euolo-

256 3551 347 3617 ritule
369 3555 400 3618 et
423 3554 544 3620 nomine
567 3554 647 3638 apud
678 3561 782 3622 ser,llam
805 3557 891 3621 tuam
914 3559 1102 3640 procuraretr
1125 3576 1215 3641 quem
1237 3555 1337 3623 officio
1367 3554 1497 3620 dumetum

256 3667 427 3752 diligenter,
450 3671 481 3734 et
504 3671 589 3735 tuam
613 3675 717 3736 serem
733 3671 925 3738 humanitate
947 3674 977 3737 et
993 3670 1152 3756 prudentie
1174 3672 1207 3737 in
1223 3671 1337 3738 nostris
1360 3667 1497 3736 monitio·

257 3782 346 3848 uibus
370 3785 552 3869 accipiendis
576 3785 670 3852 trisse
700 3805 788 3852 usam
811 3787 978 3872 plurimum
1008 3788 1184 3872 gaudemus.
1230 3787 1296 3854 Nos
1320 3787 1450 3852 veterem
1471 3783 1496 3846 el

255 3903 434 3983 perpetuum
456 3903 594 3967 nostmm
610 3920 744 3968 amorem
760 3922 832 3987 erga
855 3905 886 3969 te
908 3922 1123 3989 prosequemur
1138 3903 1330 3988 patriumque
1353 3900 1497 3966 affectum.

256 4035 291 4080 ac
314 4015 342 4080 si
363 4017 446 4082 lilius
475 4021 577 4084 noster
606 4037 689 4084 esses
711 4038 747 4085 ex
769 4019 857 4086 nobis
886 4022 985 4089 natus.
1007 4019 1261 4098 conservabimus,
1291 4031 1499 4103 nunquamque

256 4150 360 4198 curem
390 4133 582 4200 dimittemus
605 4155 640 4200 ex
670 4135 772 4200 animo
801 4136 892 4201 istius
922 4137 1009 4220 regni
1030 4153 1100 4202 oum
1123 4137 1177 4202 tua
1206 4135 1294 4202 laude
1324 4131 1444 4200 terendi
1471 4129 1499 4192 el

256 4249 460 4315 conservandi.
513 4249 605 4316 Cuius
629 4253 663 4315 tu
686 4269 773 4316 curae
803 4253 925 4318 nostrae
947 4255 981 4317 ut
1010 4251 1129 4317 adiutor
1151 4253 1183 4318 et
1206 4251 1304 4318 socius
1327 4249 1381 4328 eis,
1404 4243 1498 4313 studio

257 4365 436 4429 auctoritate
459 4365 620 4448 prudentia
648 4365 775 4450 imperio
806 4373 910 4434 ser.leel
934 4371 1019 4434 tuam
1048 4367 1215 4450 plurimum
1237 4369 1269 4434 iu
1292 4369 1424 4436 Domino
1446 4365 1497 4432 ad·
