3128 4908
757 290 1000 386 -eeuf

251 487 351 552 Deum
381 484 537 569 profutura
569 485 629 564 sit,
666 485 728 550 nisi
758 485 833 551 neec
865 483 926 550 elie
958 484 1046 568 culpe
1074 483 1166 550 tuerit
1198 485 1356 551 emendate
1384 486 1413 550 et
1442 485 1486 547 tue

253 601 312 668 erit
333 603 365 668 et
387 601 567 667 confessoris
590 601 636 667 lui
659 600 811 686 cogitatio.
856 599 922 666 Nos
945 602 1057 678 tamen,
1074 600 1345 684 supplicationibus
1358 601 1418 665 tuis
1439 600 1486 664 be·

253 719 347 803 nigne
369 719 545 798 annuentes,
570 723 652 784 ven.li
671 719 740 784 fr.tri
763 716 906 784 Graeciae
921 717 1060 802 episcopo
1076 717 1242 784 Oxomensi
1255 717 1414 784 confessori
1435 717 1488 784 luo.

253 836 416 919 postquam
439 825 594 901 confessus
623 835 672 902 illi
694 837 724 901 et
746 837 811 902 Deo
833 835 890 901 boc
918 837 1007 900 tuum
1036 832 1175 900 mandati
1203 832 1361 900 homicidii
1386 833 1488 898 crimen

255 951 357 1030 fueris,
380 951 560 1035 ueniamque
582 951 740 1017 humiliter
763 951 800 1017 de
814 969 849 1018 eo
872 951 1004 1034 petieris,
1027 952 1115 1034 leque
1130 950 1163 1016 in
1185 950 1364 1034 perpetuum
1378 966 1395 1012 a
1410 947 1488 1013 simi·

254 1069 335 1134 libus
359 1067 544 1134 facinoribus
567 1066 742 1134 abstinendi
765 1068 914 1134 sinceram
937 1069 968 1134 et
990 1067 1105 1132 rectem
1121 1066 1354 1150 promissionem
1375 1063 1489 1130 dederis.

246 1182 316 1272 ¹te1)
341 1183 525 1264 absolvendi,
548 1204 583 1251 ec
605 1185 644 1251 ab
667 1184 751 1252 omni
773 1186 875 1251 reatus
898 1186 929 1250 et
951 1183 1089 1249 criminis
1104 1183 1224 1248 macula
1246 1181 1403 1260 liberandi
1423 1179 1489 1245 Doi-

256 1323 313 1387 quo
335 1302 452 1387 gratiae
468 1303 498 1368 et
513 1300 719 1368 communioni
734 1301 876 1368 ecclesiae
891 1298 1080 1377 restituendi,
1104 1297 1232 1365 salutari
1246 1298 1305 1364 tibi
1320 1295 1490 1382 poenitentia

255 1419 377 1503 'publice
400 1418 464 1485 sive
486 1437 547 1485 non
568 1417 690 1502 publice
712 1417 809 1502 ipsius
824 1417 951 1483 arbitrio
974 1415 1165 1493 moderanda
1188 1415 1311 1498 plenam
1327 1411 1491 1480 auctoritate

256 1534 424 1620 apostolica
452 1536 555 1602 tenore
583 1534 790 1618 praesentium
819 1533 997 1598 facultatem
1027 1531 1219 1598 concedimus
1249 1530 1343 1597 simul
1365 1532 1396 1595 et
1415 1529 1489 1613 pote

257 1653 377 1718 statem.
423 1651 573 1718 Volumus
596 1651 698 1717 eutem
720 1650 800 1735 quod
823 1655 918 1717 ser.tas
940 1651 993 1715 tus
1015 1647 1185 1715 iniunctam
1206 1646 1266 1713 tibi
1287 1643 1490 1731 poenitentiam

259 1767 425 1852 adimplere
447 1767 571 1834 omnino
600 1767 746 1834 teneatur.
800 1767 916 1833 Datum
946 1767 1061 1832 Romae
1091 1763 1141 1831 dio
1167 1783 1214 1830 xv.
1237 1763 1355 1848 Aprilis
1378 1758 1492 1828 mdnv'u

259 1884 347 1952 buno
370 1883 469 1951 tertio.

850 2143 923 2211 1⁷7.

789 2307 981 2370 Caesarl

348 2463 513 2534 Carissimo
535 2464 569 2530 in
585 2463 705 2530 Christo
729 2463 774 2530 lili
796 2465 900 2531 nostor
922 2463 1053 2530 salutem
1068 2464 1123 2529 etc.
1169 2463 1322 2530 Redeunti
1344 2463 1382 2528 cd
1404 2465 1494 2527 ser.lom

261 2587 347 2651 tuam
369 2583 480 2649 dilecto
502 2581 566 2647 filio
596 2579 834 2648 commendatori
863 2580 1009 2646 Herreree
1038 2580 1102 2646 viro
1133 2579 1224 2664 probo
1254 2581 1285 2646 et
1308 2579 1341 2646 in
1369 2575 1495 2665 gerendis

260 2702 350 2767 rebus
372 2698 523 2785 prudenti,
545 2697 698 2764 voluimus
720 2699 777 2763 bes
800 2697 839 2762 ad
862 2698 892 2762 te
914 2696 986 2763 <iere
1000 2696 1130 2776 litteras,
1152 2696 1262 2780 quibus
1285 2697 1316 2762 et
1338 2695 1419 2762 illius
1442 2693 1494 2759 rir-

262 2817 321 2884 tuti
343 2815 555 2883 testimonium
571 2815 797 2899 praeberemus;
820 2813 918 2898 gessit
935 2812 1018 2879 enim
1040 2832 1073 2878 se
1088 2813 1120 2878 in
1136 2812 1220 2879 omni
1242 2813 1366 2897 negocio
1389 2813 1495 2877 strenue

261 2931 490 3017 commentor,
519 2932 665 3016 pleneque
688 2929 776 2996 nobis
800 2928 957 3009 satisfecit,
987 2931 1018 2996 et
1040 2929 1077 2995 de
1099 2929 1204 2996 nostro
1233 2927 1266 2993 in
1290 2933 1392 2994 ser.tun
1420 2927 1494 2991 tuum

260 3049 404 3134 perpetus
426 3045 631 3114 benivolentia
646 3045 762 3130 reliquid
786 3044 1036 3131 significaremus.
1082 3042 1165 3125 Quae
1188 3047 1268 3111 certe
1290 3042 1437 3111 eiusmodi
1450 3041 1494 3106 est

261 3168 296 3232 ut
318 3165 423 3232 nostru
446 3183 564 3249 sempor
580 3162 707 3229 consiliu
730 3163 761 3228 et
775 3161 893 3227 monita
915 3163 946 3228 et
960 3181 1064 3228 rerem
1086 3161 1117 3226 et
1133 3161 1275 3226 stabilem
1291 3159 1420 3246 gloriam
1437 3161 1495 3222 tuoe

262 3286 352 3348 sertia
378 3279 594 3365 spectaverint,
624 3297 716 3364 quam
739 3297 794 3345 nos
818 3297 937 3362 semper
966 3277 1153 3361 optauimus,
1178 3297 1342 3362 sumusque
1369 3269 1495 3360 optaturi.

264 3397 331 3478 Qua
353 3397 390 3464 de
405 3417 437 3464 ro
451 3398 568 3482 largius
592 3396 792 3462 scriberemus
807 3393 869 3461 nisi
892 3395 923 3459 ct
938 3394 1051 3460 testata
1074 3393 1154 3477 apud
1172 3395 1204 3459 to
1219 3395 1300 3461 esset
1321 3393 1428 3458 multis
1445 3389 1494 3455 bru

262 3513 384 3582 indiciis
413 3514 518 3579 nostra
547 3511 663 3596 optimo
686 3511 841 3590 voluntas,
871 3511 902 3576 et
924 3509 991 3593 ipso
1014 3508 1144 3575 Herrera
1172 3509 1340 3594 perferente
1369 3528 1404 3574 er
1426 3504 1495 3572 illius

262 3630 452 3698 sermonibus
468 3629 605 3696 animum
620 3630 760 3694 nostrum
775 3646 857 3695 esses
875 3625 961 3710 plene
970 3625 1145 3710 cogniturus
1161 3623 1410 3691 amantissimum
1419 3619 1496 3707 pacis

263 3747 408 3833 cupidum
430 3747 500 3812 tuae
523 3745 699 3831 dignitatis,
729 3745 887 3811 universae
914 3740 1148 3809 christianitatis
1179 3738 1336 3808 commodo
1359 3741 1390 3806 et
1419 3732 1495 3805 saluti

262 3863 486 3950 invigilantem,
530 3861 569 3927 In
592 3861 702 3946 quibus
725 3862 814 3927 rebus
830 3859 972 3926 omnibus
990 3859 1025 3924 ut
1040 3863 1135 3924 sor.tas
1151 3859 1204 3924 tua
1227 3855 1315 3922 nobis
1329 3875 1384 3940 pro
1399 3851 1495 3940 gradus

356 4071 374 4133 ¹)
392 4073 507 4122 ommim
519 4071 576 4122 suut
587 4072 657 4120 verbe
669 4071 792 4128 coquentis
810 4081 868 4126 queo
882 4069 907 4116 lu
925 4069 1014 4116 minato
1033 4067 1197 4126 eoquebontur,
1216 4069 1241 4113 ct
1253 4067 1357 4114 cortem
1370 4065 1405 4114 rel
1423 4063 1496 4110 mules

263 4186 291 4222 eu
308 4173 388 4222 omnio
405 4184 464 4230 quae
481 4171 512 4218 erl
531 4171 601 4220 verbs
619 4170 707 4217 omisso
723 4167 897 4217 relerebuntur:
924 4167 966 4224 ,ct
984 4165 1086 4224 reliquos
1104 4177 1184 4213 omnes
1203 4165 1264 4218 tuoe,
1289 4164 1330 4220 qui
1349 4165 1392 4210 ese
1409 4158 1496 4210 murillo·

265 4270 308 4316 cut
324 4269 462 4324 mlnlstsrlo‚
489 4268 531 4314 sut
548 4267 677 4323 voluntate,
703 4267 746 4314 eut
762 4277 841 4326 opere,
866 4266 908 4313 eut
929 4264 1139 4322 quomodocumque
1164 4259 1234 4308 buius
1259 4260 1343 4320 culpae
1361 4263 1387 4308 ct
1411 4255 1496 4305 criminis

265 4366 392 4424 participes
411 4365 467 4411 laeli
485 4365 548 4421 suut,
567 4365 608 4410 eut
622 4364 694 4410 etiem
712 4361 826 4423 perbene
843 4363 986 4410 occasionem
1004 4363 1028 4408 iu
1048 4361 1106 4408 ullos
1118 4356 1289 4408 ecclesiasticas
1308 4371 1420 4417 personne
1432 4363 1496 4403 nunu

266 4460 403 4518 iniecerunt,
422 4461 513 4508 iniielre
531 4461 657 4520 luserunt
675 4459 746 4508 nimlll
765 4460 832 4508 moto
851 4457 988 4508 conitentes
1006 4459 1126 4522 porrectum
1146 4469 1213 4505 suum
1231 4457 1255 4503 et
1274 4455 1443 4516 poonllentec‘
