3128 4908
543 333 786 408 ⁶-269-a

58 532 133 601 ouius
152 535 264 622 integri
277 535 352 602 anni
366 555 384 602 a
398 535 448 602 die
462 533 678 620 publicationis
700 523 902 619 posteriorum
916 531 1091 602 litterarum
1112 529 1290 602 huiusmodi

58 652 240 736 computandi,
263 651 494 730 cathedralium,
517 652 548 716 ct
563 637 876 734 metropolitanarum,
892 651 923 716 et
938 650 1069 716 aliarum
1083 651 1288 732 ecclesianam,

57 786 154 834 necnon
167 768 429 847 monasteriorum,
443 766 641 852 prioratuum,
657 767 753 833 etiem
766 767 1021 847 conventualium,
1039 767 1288 852 praepositonxm,
1340 795 1345 806 ·

56 881 254 967 dignitatuum,
283 884 508 968 personatuum,
532 881 842 961 administrationum,
872 884 904 948 et
926 881 1103 962 officiorum,
1127 883 1287 949 canonica-

56 1001 137 1078 tuum,
157 1003 187 1067 et
201 998 451 1084 praebendarum,
474 997 662 1082 aliorumque
677 1015 747 1064 curu
761 1017 841 1076 cura,
864 998 895 1065 et
910 997 976 1064 siue
991 1017 1063 1065 cura
1079 998 1289 1077 saecularium,

55 1119 80 1180 st
93 1112 119 1181 S.
132 1115 296 1196 Benedicti,
320 1113 349 1182 S.
364 1114 541 1201 Augustini,
564 1101 821 1193 Oistercicnsium,
844 1111 1098 1196 homaeusion,
1121 1109 1288 1182 Prasmon-

56 1233 245 1310 shateusium,
261 1230 502 1297 Oertusieusium
518 1231 549 1296 et
564 1230 693 1296 aliorum
708 1229 885 1314 quorumvis
900 1229 1049 1311 ordinum,
1067 1231 1132 1296 tarn
1146 1229 1289 1310 uirorum,

55 1365 132 1428 quam
140 1346 312 1425 mulierum,
321 1346 416 1412 etiarn
425 1345 673 1425 mendicantium,
689 1347 764 1412 etex
778 1345 947 1430 privilegio,
963 1346 1011 1413 vel
1020 1345 1098 1413 alias
1111 1347 1209 1412 certos
1218 1345 1288 1412 red-

55 1460 125 1528 ditus
140 1463 327 1542 habentium
341 1480 377 1528 ac
389 1461 576 1546 regularium
595 1461 779 1528 militiarum
792 1481 1058 1546 quarumcumque,
1075 1461 1169 1528 etiam
1183 1463 1291 1528 beatae

54 1575 154 1644 Mariae
175 1577 439 1656 theutonicorum,
469 1577 562 1643 etiam
586 1596 713 1662 quorum
741 1575 878 1643 redditus
902 1576 940 1644 ad
969 1577 1211 1662 hospitalitatem
1235 1578 1289 1645 de·

53 1694 140 1773 putati
167 1693 354 1775 existebant,
384 1693 418 1758 in
440 1692 560 1772 ducatu
590 1694 622 1758 et
643 1693 713 1759 aliis
741 1692 895 1773 dominiis,
924 1694 1023 1774 terris,
1053 1695 1085 1760 ot
1106 1694 1181 1760 locis
1203 1693 1290 1761 vobis

54 1807 184 1891 subjectis
206 1807 441 1875 consistentium
471 1809 576 1874 tarum
608 1827 767 1874 comunem
796 1827 902 1874 rerum
926 1827 1061 1874 annuum
1083 1808 1228 1890 valorem,
1251 1810 1289 1876 ab

53 1923 180 1990 omnibus
203 1923 447 2008 archiepiscopis,
470 1924 627 2008 episcopis,
651 1923 764 2003 electis,
788 1924 960 2004 abbatibus,
982 1924 1156 2006 abbatissis,
1178 1926 1289 2010 priori·

52 2037 108 2116 bus
129 2038 405 2119 commendatariis,
434 2039 586 2123 capitulis,
608 2039 796 2124 guardianie,
826 2040 1011 2124 caeterisque
1033 2040 1170 2125 personis
1193 2041 1289 2108 eccle·

52 2152 173 2220 siasticis
188 2155 403 2233 saecularibus,
426 2156 457 2220 et
470 2154 662 2240 regularibus
677 2155 772 2221 etiam
787 2153 1036 2238 mendicantium,
1059 2157 1090 2222 et
1108 2155 1291 2222 militiarum

51 2271 262 2351 praedictarum
292 2271 466 2356 magistris,
496 2270 649 2354 prioribus
672 2270 855 2354 capellanis,
879 2270 1018 2352 bailivis,
1047 2271 1291 2357 praeceptoribus

51 2385 215 2452 huiusmodi
236 2386 353 2452 fmctus
376 2387 409 2452 in
432 2387 552 2466 ducatu,
581 2386 734 2467 dominiis,
763 2387 853 2452 terris
876 2387 908 2453 et
930 2386 1005 2454 locis
1035 2386 1198 2472 praedictis
1220 2407 1290 2473 per·

51 2501 231 2584 cipientibus,
261 2505 292 2570 et
314 2489 506 2582 habentibus,
537 2505 568 2568 et
590 2502 643 2588 qui
665 2503 737 2568 illos
759 2502 839 2569 iutra
868 2520 965 2568 unum
995 2520 1110 2569 aunum
1133 2502 1292 2569 dumtaxat

50 2617 235 2701 perciperent,
264 2619 296 2684 et
318 2617 473 2696 haberent,
502 2617 716 2702 cuiuscumque
745 2617 1001 2701 praeeminentiae
1032 2619 1140 2698 status,
1169 2617 1291 2704 gadas,

50 2731 165 2811 ordinis,
186 2735 217 2800 ot
232 2733 415 2800 conditionis
430 2733 602 2814 existerent,
626 2733 763 2817 personis
778 2731 1000 2799 venerabilium
1023 2733 1154 2800 fratrum
1169 2735 1291 2800 nostro·

51 2865 111 2913 xum
126 2846 156 2915 S.
170 2849 206 2916 R
222 2849 256 2916 E.
276 2848 478 2914 cardinalium
500 2847 660 2914 dumtaxat
682 2849 822 2934 exceptis,
844 2847 879 2915 in
901 2848 1051 2929 terminis,
1073 2851 1105 2915 et
1118 2849 1194 2916 locis
1217 2867 1290 2916 cou-

49 2963 127 3044 gruis
143 2983 195 3048 per
209 2963 439 3049 infrascriptum
462 2965 718 3044 subcollectorem,
741 2965 796 3029 aut
818 2965 856 3029 ab
872 2983 906 3030 eo
921 2965 1105 3048 potestatem
1127 2966 1292 3031 habentem

51 3079 219 3160 shtnendis,
241 3080 291 3147 vel
313 3079 511 3158 declarandis,
533 3079 738 3159 exolvendum,
761 3079 972 3164 colligendum,
995 3079 1165 3159 levandam,
1188 3082 1220 3146 et
1241 3081 1291 3146 iu-

50 3194 236 3274 stituendam,
260 3215 295 3260 ac
318 3195 412 3277 vobis,
436 3213 490 3261 seu
505 3214 523 3259 a
538 3195 624 3261 vobis
639 3194 830 3278 deputandis,
852 3197 1015 3280 postquam
1030 3198 1142 3275 exacta,
1165 3196 1198 3262 in
1221 3195 1293 3262 fidei

50 3326 126 3391 opus,
148 3313 345 3395 unctamque
360 3310 592 3395 expeditionem,
608 3329 643 3376 ac
658 3309 872 3390 defensionem,
894 3313 926 3377 et
940 3311 1103 3378 tuitionem
1117 3311 1293 3378 huiusmodi

50 3423 206 3506 dumtaxat,
229 3446 284 3511 per
298 3445 352 3493 vos
375 3427 609 3493 convertendam
630 3427 792 3510 imposuit;
815 3445 850 3492 ac
866 3425 1011 3494 dilectum
1034 3428 1134 3493 lilium
1149 3428 1293 3494 abbatem

50 3543 218 3610 nonasterii
240 3543 348 3609 Fontis
371 3543 531 3610 Wessonis
554 3542 669 3608 ordinis
692 3543 791 3610 sancti
812 3543 971 3610 Benedicti
987 3543 1185 3628 Augustanae
1207 3543 1291 3610 dioe-

49 3657 120 3722 cesis
141 3659 264 3742 quintae
286 3659 383 3742 partis
405 3658 560 3724 fructuum
590 3637 807 3726 beneficiorum
835 3658 1010 3725 huiusmodi
1039 3659 1239 3738 collectorem,
1262 3661 1293 3724 et

49 3777 207 3841 exactorem
231 3773 399 3853 constituit,
422 3775 454 3842 et
468 3773 625 3858 deputavit
640 3773 722 3859 exigi
744 3773 884 3859 quintam
898 3776 1018 3859 partem
1033 3774 1187 3840 fructuum
1201 3775 1292 3840 unius

50 3889 124 3967 anui,
146 3893 179 3956 ut
200 3890 376 3974 praefertur,
400 3889 597 3973 computandi
613 3889 827 3956 beneficiorum
849 3889 1032 3970 huiusmodi,
1056 3892 1095 3956 ab
1117 3889 1294 3957 huiusmodi

49 4003 282 4090 archiepiscopis,
312 4005 469 4092 episcopis,
499 4005 613 4084 electis,
643 4003 969 4086 administrationibus,
1000 4005 1171 4087 abbatibus,
1195 4007 1291 4072 abba-

50 4117 137 4202 tissis,
151 4121 358 4202 conventibus,
381 4121 656 4201 commendatariis,
680 4123 711 4187 et
726 4121 797 4186 aliis
818 4122 956 4205 personis
971 4120 1143 4206 praedictis,
1161 4121 1292 4205 petendi,

50 4235 211 4321 colligendi,
244 4240 276 4305 et
295 4236 446 4322 exigendi,
476 4255 511 4302 ac
534 4237 578 4303 eis
601 4236 634 4302 iu
656 4255 774 4322 genere,
805 4237 997 4317 nominatim,
1020 4239 1051 4303 et
1072 4236 1105 4302 in
1129 4237 1235 4321 specie,
1258 4237 1294 4303 ut

49 4349 130 4420 illum
151 4356 312 4433 solverent,
336 4355 393 4421 sub
416 4352 736 4420 excommunicationis
759 4353 840 4420 latae
856 4352 1032 4433 sentemiae,
1056 4371 1091 4418 ac
1113 4351 1292 4439 privationis

50 4469 185 4550 omnum,
208 4473 239 4538 st
259 4470 452 4556 singulorum
474 4469 688 4537 beneficiorum
718 4469 992 4537 ecclesiasticorum
1013 4487 1067 4554 per
1088 4469 1238 4548 eostunc,
1261 4467 1294 4535 et
