3152 4902
773 282 1017 350 -1'18—

263 477 295 542 et
317 475 495 560 prudentiae
516 473 684 558 plurimum
706 475 899 554 confidentes
921 494 958 542 ac
987 476 1143 558 sperantes
1165 474 1245 559 quod
1267 477 1298 541 te
1320 475 1395 541 duce
1420 493 1490 540 mm·
1564 492 1565 498 ¹

261 591 334 656 deta
362 593 467 657 nostra
494 592 525 656 et
554 590 691 656 iustitiae
718 590 842 656 effectus
864 589 1052 657 commodius
1080 591 1247 657 executioni
1276 590 1492 665 ammonio,

260 708 413 774 devotioni
435 709 505 772 tuoe
520 724 573 790 per
587 708 742 789 presentes
764 706 987 773 committimus
1010 707 1044 771 ut
1058 706 1098 770 ad
1111 705 1190 772 iliud
1212 707 1345 773 castrum
1360 723 1488 790 persons·

260 823 332 890 liter
353 825 384 890 te
407 822 543 889 conferas
572 840 608 887 ac
629 841 706 906 quoe
728 821 781 887 dii
804 821 834 887 ii.
858 822 1043 906 Hieronymo
1067 819 1186 887 Guoldo
1210 821 1391 889 Vincentino
1417 819 1492 887 111111

259 939 467 1023 praesentium
487 938 546 1004 tibi
560 939 664 1004 nostro
687 938 808 1004 nominc
830 937 985 1004 referenda
1007 937 1235 1004 commissimus
1250 937 1343 1005 tidem
1364 939 1427 1004 iliis
1445 936 1491 1002 bi-

261 1054 333 1120 beas
356 1073 392 1120 ec
413 1072 567 1138 exequere,
590 1053 699 1119 dantes
721 1053 780 1119 tibi
802 1053 925 1137 pienum
948 1054 980 1120 et
996 1053 1205 1119 omnimodam
1227 1055 1410 1137 potestatem
1429 1069 1490 1136 quae

169 1157 172 1164 ’
259 1169 298 1234 ad
319 1169 403 1235 illius
433 1169 526 1234 castri
555 1169 812 1252 recuperationem
841 1169 1009 1254 opportuna
1037 1170 1126 1236 erunt
1154 1169 1321 1236 mandandi
1350 1167 1493 1236 ordinandi

258 1284 382 1352 iubendi
403 1304 439 1350 ac
460 1283 633 1368 exequendi
678 1283 860 1351 Mandantes
882 1286 948 1351 tam
966 1284 1027 1369 ipsi
1049 1285 1215 1369 vicelegatc
1230 1304 1324 1370 quam
1347 1285 1417 1352 aliis
1437 1303 1492 1350 on·

258 1401 349 1466 uibus
371 1400 405 1466 in
427 1401 472 1466 eia
500 1400 577 1466 loeis
599 1402 631 1466 et
652 1399 742 1466 rebus
772 1399 1001 1466 intendentibus
1031 1401 1180 1484 quatenus
1209 1399 1269 1466 tibi
1298 1401 1378 1466 circa
1400 1401 1451 1466 boc
1469 1399 1493 1462 ct

257 1515 320 1582 tuis
342 1513 498 1582 mandatis
512 1514 655 1582 obediant
677 1518 709 1581 et
723 1515 928 1600 obsequantur
944 1517 1001 1582 sub
1023 1515 1127 1599 gravis
1144 1515 1366 1600 indignationis
1388 1519 1494 1583 nostae

257 1650 369 1716 11111,
398 1649 459 1698 non
488 1631 683 1697 obstantibus
713 1631 949 1715 quibuscunque.
995 1631 1112 1696 Datum
1140 1631 1256 1698 Romae
1285 1634 1341 1699 etc.
1372 1632 1420 1698 die
1440 1649 1493 1696 xxx

257 1746 399 1814 Octobris
421 1745 540 1814 mdxxs.
585 1747 673 1812 Anno
697 1746 835 1812 secundo.

345 1978 510 2044 Archiduci
541 1977 721 2064 (ductrice).
766 1978 869 2063 Rogat
897 1977 1025 2044 eundem
1055 1977 1189 2061 pontifex
1218 1979 1253 2044 ut
1283 1979 1403 2044 salvum
1430 1995 1492 2042 oon·

254 2095 381 2161 ductum
403 2097 435 2160 et
456 2093 649 2160 transitorius
679 2094 799 2160 litteras
821 2112 875 2177 pro
898 2093 1036 2178 episcopo
1060 2091 1200 2159 Scarensi
1228 2096 1260 2160 et
1282 2094 1406 2160 bomine
1425 2111 1492 2176 qoo-

252 2211 324 2276 dam
339 2209 516 2290 Moscovita
538 2229 609 2276 oum
624 2209 771 2275 comitatu
794 2209 929 2292 equestri
950 2227 985 2275 ac
1000 2208 1134 2292 pedestri
1155 2211 1187 2275 et
1209 2208 1326 2275 duobus
1342 2209 1391 2276 111
1404 2208 1492 2274 tribus

252 2325 489 2409 impedimentis
512 2324 551 2390 cd
575 2324 682 2391 ducem
698 2323 868 2390 Mcscoviae
882 2324 1034 2404 euntibus,
1056 2325 1090 2390 in
1104 2326 1203 2391 forma
1217 2323 1410 2409 amplissima
1429 2342 1494 2389 oon·

255 2440 350 2506 cedat.
396 2441 512 2507 Romae
534 2441 610 2506 xxxi
635 2439 776 2507 Octobris
798 2457 878 2506 anno
900 2441 935 2506 ut
958 2459 1056 2524 supra

340 2669 482 2755 Capitulc
505 2671 695 2738 Brixinensis
718 2671 861 2738 ecclesiae
876 2709 921 2720 --
935 2689 990 2755 pro
1013 2668 1143 2755 Georgio
1165 2670 1203 2737 de
1220 2670 1357 2751 dustria,
1379 2673 1412 2738 ut
1431 2689 1495 2735 enm
1570 2637 1571 2660 ¹

250 2787 283 2853 in
306 2787 481 2871 episcopum
504 2787 628 2872 eligant.
653 2823 697 2834 -
719 2785 778 2852 Die
800 2787 819 2853 i.
843 2786 1026 2854 Novembris
1049 2787 1168 2853 mdxxv.
1209 2788 1298 2852 Anno
1322 2786 1456 2853 secundo.

846 3047 917 3114 135.

340 3210 484 3270 Dilectis
507 3211 585 3271 tiliis
608 3211 664 3272 do.
686 3212 825 3272 iaccho
848 3217 884 3272 ei
906 3211 962 3271 do.
985 3211 1167 3286 Baptistae
1189 3211 1235 3270 de
1257 3212 1412 3272 Medicis.

339 3364 453 3430 Dilecti
475 3363 540 3430 iiiii
585 3364 731 3448 Legimus
754 3365 874 3432 litteras
889 3367 1007 3432 1111111
1029 3365 1139 3451 quibus
1154 3364 1330 3432 iustificatior
1352 3365 1496 3432 sobonem

249 3481 384 3546 vestram
407 3499 483 3564 quae
505 3480 544 3546 ob
574 3479 779 3546 defensionem
801 3481 890 3546 Arois
913 3479 1082 3546 Clarennae
1111 3481 1252 3565 suscepta
1273 3483 1329 3547 ost
1368 3481 1419 3547 *De
1437 3496 1496 3563 qus

250 3595 373 3680 quidem
402 3595 520 3662 actione
550 3595 665 3660 nullius
694 3594 733 3660 ad
763 3613 818 3661 nos
840 3596 988 3661 venerunt
1017 3595 1165 3679 querelae,
1194 3615 1290 3680 neque
1322 3594 1496 3662 aisement

252 3731 359 3776 sumus
375 3711 454 3790 11111,
470 3710 532 3776 nisi
547 3709 662 3776 cuditis
677 3710 835 3776 hincinde
857 3710 1035 3790 rationibus,
1051 3709 1224 3777 admissuri.
1272 3711 1414 3778 Vestram
1427 3727 1495 3775 sero

247 3845 320 3910 erga
342 3845 397 3892 nos
420 3825 570 3910 optimam
592 3826 780 3892 voluntatem
803 3844 838 3890 ec
861 3825 1085 3892 observantiam
1107 3827 1230 3910 gratam
1254 3825 1416 3892 admodum
1436 3825 1494 3888 bs·

246 3941 362 4020 bemus,
384 3941 530 4024 vobisque
546 3960 652 4007 sumus
667 3960 842 4025 quacunque
858 3957 889 4006 re
912 3940 1017 4006 iicebit
1031 3940 1127 4006 futuri
1148 3941 1288 4008 benevoli
1310 3943 1342 4008 et
1356 3941 1494 4007 11111111.

247 4056 364 4122 Datum
386 4057 501 4122 Romae
524 4057 579 4122 etc.
603 4054 652 4121 die
674 4055 705 4121 ii.
729 4054 913 4122 Novembris
934 4055 1053 4121 mdxxv.
1098 4055 1187 4122 Anno
1211 4055 1349 4123 secundo.

337 4286 493 4353 0111111111
515 4287 699 4353 liboracensi
721 4323 765 4334 -
787 4306 841 4371 pro
871 4287 1011 4371 episcopo
1034 4286 1244 4368 Batboniensi,
1273 4287 1390 4354 oratore
1416 4283 1497 4370 apud

249 4401 432 4482 pontificem,
455 4401 488 4466 in
503 4402 653 4484 Angliam
676 4401 827 4468 redeunte.
844 4439 887 4448 —-
903 4401 961 4466 Die
983 4421 1010 4467 1.
1034 4400 1218 4468 Nouembris
1240 4421 1320 4470 auno
1343 4404 1378 4469 ut
1398 4417 1495 4484 supra
