3152 4902
573 291 817 360 „153-

83 487 247 567 nument
276 505 385 574 graves
413 486 540 555 nuncios
561 487 786 570 habuissemus,
815 506 851 555 ao
879 507 934 573 pro
963 488 1069 556 nostra
1098 506 1219 556 summa
1247 505 1319 555 oure

82 603 197 672 nonus
220 601 336 670 Christi
357 603 514 688 roligionis
534 605 569 670 at
591 603 753 689 dignitatis
782 605 853 672 tune
876 603 928 671 dii
951 604 994 671 fil.
1017 603 1113 672 nobili
1142 604 1207 672 viro
1230 603 1319 670 frati

82 721 127 786 too
146 720 177 786 id
197 741 216 786 a
238 720 327 786 nobis
348 739 402 804 por
430 719 551 786 littores
580 720 751 804 postulanti
780 721 892 788 arrmlin
914 721 1087 806 poouuiaria
1119 721 1240 788 mittere
1263 721 1317 787 de·

83 837 270 903 nsdseemns
298 837 334 902 in
360 836 410 902 his
440 835 563 902 miseris
592 837 625 903 et
653 835 777 904 afflictis
801 835 888 904 Sedis
918 837 1102 921 apostolieae
1130 837 1319 922 temporibus

83 971 190 1018 sommo
218 973 290 1020 oum
310 953 413 1020 laboro
441 971 596 1037 srpresss3
626 953 780 1020 destinare
808 953 1001 1020 instituimus
1024 953 1127 1021 dedita
1155 973 1245 1038 opero
1268 956 1317 1021 ta-

82 1067 231 1134 bellarium
254 1069 294 1135 ad
316 1068 368 1136 dii
392 1068 427 1134 fr.
451 1068 666 1136 Balda'ssarom
689 1067 907 1136 Cantilioneum
930 1070 1075 1136 nnnoium
1098 1071 1245 1150 nostrum,
1267 1071 1320 1156 qui

81 1205 141 1250 oum
164 1190 245 1251 ser!⁰
270 1187 324 1250 tua
347 1184 449 1252 omuia
478 1184 723 1266 oommunioaret
753 1186 985 1271 exemplumque
1013 1186 1187 1252 litterarum
1209 1187 1321 1272 punisti

81 1301 238 1368 suhidnois
261 1299 413 1380 misimus,
443 1320 478 1365 ao
500 1301 590 1385 plano
619 1319 690 1368 oum
712 1299 914 1368 instruximus
936 1321 990 1387 per
1019 1303 1133 1387 seripta
1155 1304 1258 1369 nostra
1282 1303 1319 1370 de

82 1437 110 1482 so
130 1417 206 1502 qnod
229 1416 382 1502 agendum
404 1417 437 1483 et
457 1414 671 1483 conferendum
702 1435 772 1484 oum
796 1421 877 1484 ser.te
902 1419 956 1484 tna
978 1419 1067 1484 esset
1112 1417 1203 1486 Nono
1226 1439 1320 1504 quum

81 1532 134 1598 iam
155 1533 297 1600 remediis
320 1532 485 1600 acrioribus
508 1533 582 1599 haec
604 1533 692 1600 tenu
714 1533 797 1598 mala
818 1531 985 1620 indigeant,
1014 1536 1120 1619 estque
1142 1535 1214 1602 fidei
1236 1535 1319 1602 ohri·

82 1649 187 1716 stisnno
215 1651 247 1716 st
276 1649 434 1716 univorsos
458 1647 639 1716 Germanias
669 1648 818 1716 sedandae
848 1667 884 1716 eo
912 1649 1135 1736 componendas
1164 1652 1264 1720 omnis
1286 1651 1320 1720 in

81 1767 141 1832 tono
156 1770 246 1832 sert¹
265 1766 378 1833 virtute
394 1766 485 1852 atqm
499 1763 660 1852 prudentia
676 1784 744 1850 spes
760 1765 901 1852 reposita,
915 1767 1075 1835 hortemur
1089 1767 1216 1836 undem
1234 1770 1320 1836 tuam

82 1888 175 1948 sortem
196 1882 231 1948 in
252 1881 385 1950 Domino
408 1884 443 1948 ut
464 1881 522 1948 hoo
543 1883 679 1966 temporo
708 1881 833 1950 demum
855 1882 975 1968 quondo
1004 1882 1103 1950 edhrm
1133 1885 1185 1950 tua
1207 1884 1320 1952 lenitas

81 2001 107 2063 et
126 1998 285 2066 elementia
314 2017 375 2065 non
397 1999 519 2064 tautum
548 1999 697 2082 quantum
720 1997 826 2064 debuit
854 1997 997 2084 prodesse
1026 1999 1060 2066 in
1082 2001 1169 2068 unta
1197 2002 1318 2086 portur·

82 2113 192 2182 batione
212 2116 387 2200 temporum
408 2113 530 2199 profuit
554 2113 706 2198 snsoipero
728 2115 831 2200 partos
854 2117 886 2182 ot
908 2115 1028 2182 animos
1049 2115 1159 2182 invioti
1181 2115 1320 2184 Caesaris

82 2229 147 2296 reiis
168 2250 203 2298 ao
225 2229 386 2298 serenate
408 2231 441 2296 et
461 2229 590 2315 imperio
613 2228 738 2310 sffioere,
768 2231 803 2298 ut
825 2231 900 2297 huso
922 2231 1067 2316 pestifera
1096 2251 1221 2318 serpens
1244 2253 1320 2320 quae

81 2347 171 2414 onnia
192 2348 263 2414 tabo
285 2349 318 2413 et
339 2365 453 2414 veneno
474 2346 637 2431 permisoot
658 2347 750 2432 atquo
772 2347 941 2429 oontorbat
963 2347 1045 2414 iusta
1060 2347 1320 2418 animadversione

81 2461 147 2528 eliso
167 2464 257 2549 atque
280 2461 433 2530 musaeu
451 2461 613 2546 aliquando
636 2481 707 2528 oum
722 2459 921 2531 Germaniam
943 2463 1045 2550 ipsam
1068 2463 1171 2532 sodsm
1194 2466 1225 2532 ot
1246 2465 1318 2533 fua·

83 2575 245 2646 mentum
268 2578 390 2665 imperii
417 2577 464 2644 tui
486 2579 554 2646 tum
575 2577 751 2644 nniversam
781 2578 1039 2648 christianitatem
1061 2579 1191 2647 liberam
1213 2581 1317 2665 placa·

82 2695 189 2780 umque
211 2694 365 2772 dimittat3
387 2693 532 2780 quoniam
555 2693 582 2760 si
596 2693 646 2759 his
668 2695 834 2780 opportuno
856 2714 917 2762 non
939 2697 1097 2764 ooonratur
1118 2697 1218 2778 molis,
1241 2716 1315 2783 gra·

83 2808 149 2875 ritor
168 2811 323 2891 timemus,
346 2830 384 2877 ne
406 2811 516 2877 eunota
537 2809 571 2877 in
593 2827 686 2876 unam
702 2811 917 2895 pertrahantur
939 2811 1069 2892 ruinam
1093 2812 1173 2882 siout
1195 2812 1234 2879 ab
1253 2814 1320 2898 ipso

84 2923 250 2994 deasssrs
279 2925 389 2994 nunoio
418 2927 521 2993 nostro
552 2930 647 2994 sens*
676 2927 730 2992 inu
752 2927 885 3011 amplius
915 2927 1069 3014 intelliget
1098 2927 1146 2994 oui
1175 2928 1267 2996 iidem
1289 2930 1321 2996 ot

82 3043 268 3112 attentionem
297 3042 394 3109 animi
423 3042 545 3128 probsre
574 3060 636 3108 non
664 3042 850 3126 gravabitur.
895 3043 1012 3110 Datum
1041 3043 1156 3112 Romae
1185 3044 1241 3117 sto.
1271 3042 1320 3111 die

82 3157 124 3224 sii
143 3157 227 3226 Juuii
249 3157 369 3226 mdrxv.
415 3157 503 3226 mo
527 3156 664 3226 seeundo.

395 3416 527 3484 Priori
554 3435 717 3502 magnes
747 3415 998 3503 Carthagine.

160 3575 287 3644 dinudat
315 3575 450 3661 pontifex
478 3577 514 3642 nt
536 3575 583 3642 do.
607 3575 767 3660 Baptistae
795 3577 890 3660 priori
911 3577 1040 3644 Trisulti
1069 3577 1121 3644 dot
1143 3577 1319 3646 fannon

86 3692 196 3760 usundi
217 3693 256 3761 de
278 3691 464 3759 monastario
487 3709 523 3758 eo
544 3690 584 3757 ad
605 3690 705 3757 varias
728 3692 867 3777 regiones
890 3694 922 3759 ot
943 3693 1009 3760 loos
1032 3713 1065 3760 se
1087 3693 1259 3762 conterendi
1282 3691 1321 3759 ed

87 3801 159 3873 Sedis
180 3808 364 3893 apostolieae
378 3807 505 3894 negoois
518 3805 739 3891 pertrsotanda
784 3807 900 3875 Datum
915 3807 1031 3878 Romae
1046 3809 1084 3876 ir.
1099 3809 1187 3876 Junii
1201 3808 1320 3876 mdrxv.

87 3919 160 3991 duno
181 3924 320 3992 wonndo.

608 4153 778 4222 Caesari
810 4148 825 4170 ⁸

162 4316 217 4384 Pro
243 4316 393 4386 cardinali
415 4314 566 4398 Salviatm
594 4315 696 4401 legato
718 4351 764 4365 -
784 4316 842 4384 riv.
872 4317 960 4388 Juuii
983 4317 1100 4386 mdrxs.
1152 4315 1242 4385 Anno
1269 4336 1318 4386 ss·

89 4427 177 4499 tundo.
