3192 4930
616 295 815 362 ..3-

117 495 200 576 totem,
221 495 323 560 lamen
345 493 402 560 hoo
433 491 526 560 etiam
550 493 651 578 magis
681 492 713 558 in
737 491 844 556 eadem
866 489 1006 574 opinione
1029 491 1201 559 oontirmati
1224 513 1338 576 sumus

116 609 176 692 quoi
197 609 324 676 vidimus
353 629 412 694 quo
442 608 554 674 ainosis
577 609 677 675 studio
701 606 781 692 apud
803 626 858 672 nos
888 605 1038 672 institeris
1062 608 1097 672 ut
1118 609 1182 674 filio
1205 610 1264 678 tibi
1285 632 1339 698 par

116 725 159 790 liei
183 726 310 808 gratiam
346 745 442 808 nuper
470 741 610 790 oonoesso
640 721 903 806 compaternitatis
932 723 1037 788 tecum
1067 721 1187 790 vinculo
1215 727 1248 792 st
1269 746 1339 794 oum

115 840 203 906 lileoto
225 841 286 906 filio
308 840 405 906 nobili
426 839 491 905 viro
514 839 619 904 Uarolo
642 838 679 904 de
701 839 733 902 la
756 836 824 921 Noy
849 837 983 920 viberega
1006 837 1133 922 coniuge
1154 841 1206 905 tuo
1228 842 1338 927 iunge-

115 977 203 1020 remur.
246 953 332 1036 Quod
353 974 409 1021 nos
426 955 566 1039 prompte
588 955 619 1020 et
640 953 772 1018 libenter
794 949 923 1016 facimus
946 951 1100 1036 istumque
1114 953 1217 1038 ipsum
1239 957 1340 1024 tilium

116 1071 219 1136 iamin
245 1071 388 1136 iiliiloco
418 1069 610 1134 instituimus
640 1069 767 1144 habere,
804 1066 906 1133 Deum
937 1085 972 1132 ao
1004 1067 1172 1136 Dominum
1199 1075 1340 1140 nostrum

116 1185 294 1268 deprecantes,
324 1187 359 1251 ut
388 1185 415 1250 is
444 1204 480 1250 ex
510 1203 581 1250 suae
611 1183 812 1268 benignitatis
843 1181 1043 1264 abundantia,
1072 1204 1134 1250 non
1164 1188 1263 1254 solum
1292 1189 1341 1256 illi

116 1302 224 1367 aluum
246 1300 545 1385 incolumitatemque
567 1299 700 1385 prebeat,
723 1298 776 1364 sed
798 1301 829 1362 et
854 1298 1051 1381 paternarum
1073 1297 1340 1390 mammarumque

117 1417 241 1484 uirtutum
262 1417 294 1482 in
310 1417 365 1482 illo
381 1417 586 1502 repraesentet
600 1415 776 1499 imaginem.
809 1411 896 1492 Quod
914 1413 957 1478 ita
980 1417 1160 1482 eventurum
1174 1437 1236 1485 nen
1250 1421 1340 1488 modo

113 1535 241 1616 optamus
263 1531 479 1598 verumetiam
501 1531 534 1596 in
549 1531 681 1596 Domino
704 1529 891 1595 confidimus.
916 1527 975 1594 Sed
992 1549 1062 1596 omn
1078 1537 1251 1616 praesentes
1269 1536 1341 1604 huie

111 1648 193 1712 otiioio
208 1647 311 1714 adessa
326 1665 382 1712 nos
398 1665 459 1712 non
477 1665 645 1730 possemus,
667 1645 816 1728 elegimus
836 1643 947 1710 ventem
965 1644 1091 1712 fratrem
1106 1647 1142 1714 Α.
1166 1627 1341 1737 episcopum

110 1763 281 1828 iversanum
309 1763 462 1846 prelatum
498 1763 637 1828 nostmm
667 1759 868 1826 domesticum
898 1777 933 1824 aa
963 1761 1148 1846 magistrum
1186 1769 1340 1852 cappellae

111 1881 213 1944 nostrae
242 1878 329 1944 nobis
360 1876 446 1942 raldo
474 1877 637 1961 probatum
665 1877 696 1941 et
724 1877 856 1960 gratum,
886 1875 939 1960 qui
968 1877 1088 1942 nostras
1110 1879 1144 1946 in
1172 1881 1229 1950 boe
1258 1885 1340 1952 vioes

111 1993 244 2074 perferens
273 1993 352 2058 istuo
383 2012 414 2058 se
437 1991 585 2058 conferret
613 1991 652 2056 ad
680 1990 816 2075 illudque
835 1971 967 2056 ¹saomm
995 1994 1026 2056 et
1049 1993 1183 2062 solemne
1212 2018 1339 2084 regene-

110 2109 220 2174 rationis
240 2109 395 2174 laraemm
419 2107 519 2172 lilium
539 2108 627 2173 tuum
649 2109 754 2172 nostro
775 2105 899 2172 nomine
921 2105 1056 2184 sisteret3
1080 2129 1171 2194 quem
1186 2111 1341 2182 Nobilitas

110 2225 154 2286 tua
173 2227 270 2290 nostro
294 2223 417 2308 quidem
447 2223 607 2307 praecipue
629 2222 682 2288 sed
710 2222 808 2305 ipsius
830 2222 925 2287 etiarn
946 2221 1062 2289 intuitu
1091 2225 1265 2296 humaniter
1286 2251 1339 2316 ep-

111 2336 195 2420 oipiet
218 2337 333 2423 sibique
356 2339 401 2403 ita
423 2337 461 2404 de
483 2337 571 2402 nobis
596 2337 757 2420 spondebit
779 2337 881 2402 omnia
904 2357 1090 2424 quecumque
1112 2361 1168 2408 nos
1191 2363 1261 2412 oum
1282 2347 1342 2414 Dei

111 2451 247 2518 uoluntate
268 2455 322 2519 tua
344 2472 452 2520 caussa
474 2473 563 2540 agere
586 2452 737 2536 oportebit
757 2452 888 2518 libenter
911 2455 942 2516 et
963 2455 1097 2522 strrdiose
1120 2477 1186 2522 esse
1209 2460 1342 2529 facturos

111 2565 211 2633 Datum
231 2568 261 2634 ii
283 2568 441 2635 Februarii
462 2567 592 2634 mdxxiv.
637 2567 726 2633 Auno
743 2567 857 2652 primo:
871 2605 916 2614 -

704 2801 735 2866 4.

477 2964 595 3024 Guldo
617 2963 664 3024 de
686 2957 963 3042 Rangombusstl

188 3119 301 3184 Dilecta
323 3118 370 3184 fili
392 3121 447 3184 eto.
472 3117 613 3182 Postulat
645 3117 698 3181 tua
721 3117 826 3196 virtus,
850 3117 1095 3201 quampluribus
1118 3123 1240 3206 quidem
1261 3126 1346 3209 loeis,

112 3231 157 3296 seri
179 3235 259 3300 nobis
283 3237 314 3300 et
330 3233 459 3299 Sanctae
476 3232 546 3297 Sodi
562 3232 744 3316 apostolieae
767 3231 816 3296 oui
831 3232 934 3296 divina
956 3253 1036 3298 nuno
1051 3237 1241 3318 providentia
1255 3261 1345 3325 prae-

112 3347 241 3428 sidemus,
266 3369 354 3432 saepe
377 3347 521 3414 eximiam
544 3346 717 3431 prestitisti,
740 3349 775 3411 ut
798 3347 935 3413 vicissim
958 3367 1012 3413 nos
1036 3349 1073 3415 de
1096 3352 1158 3417 tuis
1181 3353 1347 3424 honoribus

111 3479 140 3523 ao
161 3463 369 3528 emolumentis
398 3481 466 3526 eam
489 3479 593 3526 euram
616 3460 792 3539 habeamus,
822 3480 882 3544 qua
904 3463 935 3526 et
963 3465 1086 3546 gratam
1108 3470 1245 3534 nostram
1275 3491 1348 3558 erga

112 3577 356 3656 teroluntatom,
379 3579 411 3642 et
434 3575 571 3641 studium
593 3578 708 3640 eeteros
731 3575 771 3640 ad
794 3576 908 3641 similia
932 3577 1012 3642 faeta
1034 3578 1187 3648 invitandi
1209 3587 1349 3654 nostrum

112 3689 302 3758 ostendamus,
350 3688 463 3757 Samus
492 3690 576 3756 enirn
606 3709 756 3756 memores
779 3691 815 3756 fe.
831 3711 872 3756 re.
896 3691 994 3758 Leone
1017 3693 1092 3760 Xmo.
1123 3699 1350 3780 praedecessore

112 3803 139 3867 et
159 3804 245 3872 tratre
267 3807 404 3891 patruele
427 3807 531 3872 nostro
552 3805 764 3890 pontificatum
787 3807 952 3886 obtinente,
983 3828 1053 3875 oum
1076 3811 1193 3897 aliquot
1214 3815 1296 3882 bella
1319 3820 1351 3884 et

199 4037 215 4096 ¹)
233 4041 319 4090 (lulius
338 4041 367 4088 uls
379 4039 531 4097 Raugonibus
545 4039 684 4088 mutinensis
697 4041 785 4100 optime
801 4042 918 4089 meruerat
935 4043 1006 4090 attam
1023 4043 1051 4092 tle
1062 4043 1137 4094 leone
1151 4046 1185 4102 x3
1203 4047 1352 4102 fidelissimas

117 4134 140 4178 et
155 4135 256 4186 sinnam
272 4138 317 4186 dor
344 4137 458 4196 equitum,
484 4137 551 4186 miles
576 4151 622 4186 non
640 4137 689 4185 tum
713 4138 789 4186 audax
813 4151 882 4196 quarn
907 4141 1016 4200 prudens,
1035 4141 1142 4192 aleoba
1160 4145 1185 4191 at
1203 4144 1353 4198 aclerneuto

118 4231 183 4278 rrrils
197 4235 318 4293 prirlleritr
336 4237 363 4286 at
379 4235 507 4284 honoribus
527 4236 604 4284 tuerat
622 4235 758 4294 insignitus.
794 4237 909 4285 latinum
928 4237 1035 4286 Pontlllel
1053 4240 1198 4290 difficillimis
1210 4245 1354 4303 temporibus

119 4329 221 4384 ”mritz
248 4332 330 4381 bellum
349 4335 431 4382 oenus
454 4333 537 4381 Urbini
559 4333 639 4382 dasem
661 4333 807 4382 inanimum
832 4333 929 4382 liariaru
955 4335 1086 4386 Roboretum
1111 4341 1185 4395 gessit
1209 4343 1236 4390 st
1259 4345 1354 4406 propria

122 4421 199 4472 virtute
215 4439 285 4478 aream
303 4430 349 4478 Suu
369 4429 414 4478 loo
433 4431 479 4479 loro
499 4432 700 4492 inexpugnabilem
719 4433 839 4490 supererit
856 4435 910 4480 astu
928 4435 953 4480 ot
971 4435 1050 4482 subito
1068 4436 1166 4486 insultu.

1160 4523 1196 4590 1*
