3152 4902
559 296 805 363 -177-

74 490 226 574 approbata
277 488 344 556 Nos
366 490 491 558 veroin
520 491 670 576 hisquae
698 488 949 557 consistorialiter
971 488 1071 556 danda
1094 489 1174 570 eunt
1203 489 1306 556 omnia

74 605 103 670 de
122 605 242 672 fratrum
264 605 392 672 consilio
413 605 511 674 fucere
526 606 748 686 consuevimus,
771 605 825 691 qui
837 603 892 671 ubi
914 605 947 672 in
970 606 1077 672 urbem
1100 625 1133 672 se
1147 605 1307 673 retulerint

73 722 216 788 ederemus
238 721 278 787 ud
300 721 522 802 consistorium,
544 721 579 789 in
593 741 653 807 que
675 720 799 807 quidem
821 741 854 788 re
875 722 908 788 et
928 721 961 788 in
976 720 1085 788 ceteris
1107 721 1213 788 nostro
1235 739 1307 808 erga

74 841 163 902 eor.tem
186 838 270 904 tuem
292 837 498 906 benivolentia
527 856 670 924 umorque
693 837 854 904 constabit.
900 837 1017 904 Datum
1039 839 1155 905 Romae
1177 839 1233 904 etc.
1256 837 1306 904 die

73 951 131 1018 nii
152 951 288 1020 Octobris
311 953 430 1021 mdxxv.
477 953 566 1020 Anno
591 952 729 1022 seeundo.

649 1215 722 1283 133.

478 1379 680 1440 Murchtont
703 1378 891 1442 piscariae.

149 1532 257 1600 Dilecti
279 1532 333 1600 tili.
378 1531 583 1618 Oognorimus
612 1553 647 1600 ex
676 1532 787 1600 dilecto
814 1532 879 1600 tilio
908 1533 993 1617 Lupo
1016 1531 1154 1600 Hurtado
1184 1533 1308 1602 bomine

71 1645 201 1728 prudente
222 1667 298 1734 quse
320 1649 392 1716 istic
413 1649 595 1730 ecciderunt
625 1650 657 1716 et
678 1667 755 1732 quae
777 1649 886 1716 nob.teu
907 1650 962 1715 tue
984 1667 1038 1732 per
1067 1668 1138 1715 eum
1160 1650 1248 1717 uobis
1271 1669 1307 1718 cc

73 1764 201 1844 peratiae
216 1783 287 1830 suas
302 1765 422 1830 litterae
445 1763 542 1830 voluit
558 1763 733 1848 significari
779 1761 914 1848 Coumque
929 1783 984 1830 uos
1000 1763 1137 1832 vicissim
1152 1764 1190 1830 de
1204 1768 1309 1832 nostra

73 1878 213 1946 voluntate
235 1880 383 1946 vellemus
406 1879 548 1947 defecere
571 1879 740 1960 certiorem,
764 1879 923 1946 missimus
946 1879 998 1945 dil
1013 1880 1089 1946 item
1111 1879 1211 1945 filium
1226 1881 1308 1946 Pau-

73 1993 128 2058 lum
154 1993 189 2059 de
217 1995 338 2062 Arretio
370 1994 571 2062 camerarium
600 1997 741 2061 nostrum
763 1994 802 2060 ed
832 1997 863 2062 te
894 2015 966 2063 cum
990 1995 1145 2063 mendatis
1175 2014 1251 2080 quoe
1282 1995 1310 2061 ie

73 2107 179 2177 deberet
192 2113 295 2178 nostro
310 2111 433 2178 nomina
448 2110 671 2178 communicare
687 2113 798 2189 tecum,
813 2129 891 2196 queo
907 2113 980 2178 aunt
997 2111 1036 2176 ad
1050 2129 1157 2195 pacem
1171 2112 1203 2177 et
1221 2113 1308 2178 tren-

72 2224 239 2306 quillitutem
261 2227 371 2294 Italiae
394 2247 464 2294 cum
488 2225 695 2294 satisfactione
719 2231 807 2292 ser.mi
828 2225 967 2294 Caesaris
990 2227 1025 2292 ut
1047 2226 1234 2293 arbitramur
1255 2245 1308 2294 ac·

72 2341 254 2420 eunome,
277 2343 435 2409 hortamur
450 2343 568 2412 nob.telle
583 2343 669 2408 tuam
684 2342 718 2408 in
733 2341 865 2410 Domino
881 2343 916 2408 ut
930 2341 958 2408 ai
973 2341 1007 2409 in
1021 2341 1072 2407 his
1087 2341 1179 2410 fidem
1198 2343 1310 2410 habere

74 2455 143 2522 velis.
186 2458 302 2524 narum
325 2459 441 2525 Remea
462 2459 517 2524 etc.
547 2457 597 2524 die
619 2457 700 2524 xxiii
724 2457 866 2526 Octobris
888 2458 1007 2524 mdnr.
1053 2456 1142 2526 Anno
1173 2458 1310 2526 secundo.

148 2689 254 2756 bidem
276 2688 314 2756 de
336 2687 443 2758 eadem
464 2709 505 2756 re.
550 2689 609 2757 Die
630 2689 708 2756 xxvi
732 2687 882 2756 Octobris.
927 2689 1016 2756 Anno
1040 2691 1075 2756 ut
1098 2709 1198 2776 supra.

634 2843 741 2852 ...ιη-..-

147 2921 223 2987 Duci
245 2919 416 2987 Sabaudiae
438 2957 483 2968 -
505 2921 673 3006 Responsio
696 2919 734 2988 ad
757 2921 822 2986 cius
845 2920 973 3001 litteras,
997 2920 1034 2987 de
1056 2920 1196 3006 episcopo
1220 2919 1311 2986 Mau-

75 3033 190 3103 rianenei
211 3037 251 3103 ed
280 3037 504 3104 cardinalatum
533 3037 743 3122 promovendo.
789 3036 848 3102 Die
870 3036 959 3102 xxvii
983 3035 1132 3103 Octobris.
1157 3073 1201 3083 -
1224 3036 1313 3102 Anno

77 3150 217 3236 utsupra

150 3384 299 3452 Belisurio
321 3383 477 3468 lquevivo
500 3382 537 3450 da
552 3384 707 3468 dragonis
729 3383 941 3451 Neritiuorum
964 3382 1043 3450 Duci
1065 3421 1109 3430 -
1131 3383 1258 3450 librum
1275 3383 1314 3448 ab

79 3517 105 3562 oo
123 3503 273 3566 exaratum
296 3519 332 3566 ac
355 3518 409 3566 suo
423 3499 541 3566 nomini
563 3499 745 3583 inscriptum
767 3499 902 3583 pontifex
925 3498 1076 3584 accepisse
1093 3518 1125 3564 se
1143 3499 1316 3583 aegrotum

79 3611 204 3682 babuisse
225 3615 441 3702 multipliciter
464 3613 627 3699 significat.
643 3653 688 3664 —-
702 3615 760 3681 Die
782 3615 882 3682 xxviii
907 3613 1049 3682 Octobris
1073 3633 1151 3680 enno
1168 3615 1316 3698 utsupra.

658 3875 731 3943 134.

204 4039 333 4101 vitello
357 4039 403 4099 de
425 4037 560 4100 vitellis
583 4051 772 4100 armorum
795 4044 861 4099 eto.
884 4038 1026 4099 ductori
1051 4041 1187 4098 nostro.

158 4193 268 4261 Dilecti
282 4195 337 4261 tili
371 4192 448 4260 (lum
463 4193 513 4258 bis
528 4192 635 4260 diebus
658 4194 793 4260 castrum
808 4193 893 4260 Petri
908 4192 1037 4258 diocesis
1054 4190 1320 4275 Balneoregiensis

83 4307 198 4392 al’yrro
225 4311 262 4378 de
285 4309 439 4395 Sipiciano
462 4309 610 4376 uiolenter
625 4310 805 4394 occupatum
828 4308 1075 4376 mandaverimus
1099 4305 1267 4390 recuperari
1285 4325 1320 4372 uc

85 4419 127 4488 dil
147 4425 223 4492 tilius
238 4426 425 4512 vicelegutus
448 4425 626 4510 patrimonii
641 4425 674 4490 in
689 4425 774 4491 illiue
790 4424 946 4492 obsidione
969 4425 1020 4502 sit,
1043 4422 1109 4490 Noa
1124 4425 1195 4490 tuae
1210 4421 1318 4490 virtuti

128 4551 219 4596 meatu
232 4553 341 4590 cuma·
354 4551 403 4591 rur.
1119 4533 1160 4598 12
