3152 4902
551 219 794 287 -115-

66 415 113 480 nis
127 415 268 483 iratribus
284 413 411 482 Caesare
426 419 457 481 et
473 416 525 481 tuo
547 415 682 499 principe
697 435 766 480 cum
783 434 901 500 semper
915 414 1075 482 coniuncta
1090 415 1173 482 omni
1197 414 1297 480 studio

66 532 161 596 amoris
182 531 240 597 fuit
269 533 337 597 tum
364 532 575 615 inposterum
604 549 671 596 esse
700 530 774 608 vult
797 549 982 615 quamquam
1015 549 1136 596 necesse
1159 533 1296 608 nonest,

67 645 238 712 hortabimur
260 647 364 712 tamen
393 645 583 712 devotionem
613 647 699 712 tuam
723 647 757 710 ut
780 663 833 729 pro
856 647 920 711 loco
943 649 974 710 et
996 645 1175 711 auctoritate
1205 665 1298 730 quam

68 761 134 844 geris
153 761 204 828 des
219 781 341 846 operam
365 764 455 846 atque
470 761 585 826 enitare
608 763 643 826 ut
664 759 827 843 aliquando
847 761 958 826 virtute
981 763 1104 827 tuorum
1125 759 1298 844 principum

70 877 214 943 christiana
238 897 285 943 res
315 878 349 943 in
377 876 534 942 meliorem
557 878 587 942 et
610 876 754 942 tutiorem
783 877 882 942 locum
913 875 1041 942 deducta
1063 895 1129 942 asse
1162 877 1299 944 videatur

69 992 133 1074 quod
146 993 275 1058 maxime
291 993 343 1058 fiet
357 992 499 1058 hereticis
515 991 702 1076 extirpandis
720 994 751 1058 et
766 991 940 1058 infidelibus
956 992 1190 1066 contundendis3
1214 993 1300 1058 cuins

69 1113 125 1172 tuae
150 1127 253 1192 operae
277 1111 308 1174 et
330 1107 508 1192 diligentiae
536 1109 603 1173 tum
635 1107 784 1172 maximos
807 1126 825 1172 a
849 1107 911 1171 Deo
943 1109 1058 1172 fructus
1081 1110 1148 1172 tmn
1170 1128 1189 1172 a
1211 1107 1299 1173 nobis

67 1227 93 1287 et
111 1223 173 1288 aliis
194 1225 337 1290 omnibus
352 1225 456 1309 quales
478 1223 583 1288 licebit
606 1223 718 1308 poteris
734 1242 854 1308 sperare
868 1225 958 1306 atque
982 1225 1143 1308 expectare.
1183 1223 1299 1288 Datum

69 1339 168 1406 Romae
188 1340 238 1405 die
260 1340 317 1404 xxi
340 1339 446 1404 Martii
468 1337 586 1404 mdrrv.
631 1339 721 1405 Anno
745 1339 881 1406 secundo.

656 1600 707 1664 84.

350 1763 574 1824 Bernardlno
596 1764 643 1824 de
664 1757 1001 1842 frangepanibua1)
1099 1745 1103 1756 ’

147 1921 260 1986 Dilecta
275 1919 330 1985 fili.
368 1919 501 1984 Litterae
517 1921 586 1984 tuae
609 1919 714 2002 plenae
729 1917 823 1984 officii
837 1918 927 2002 atquo
942 1919 1055 1984 amoris
1071 1919 1201 1986 tuissent
1216 1921 1304 1988 nobis

74 2035 155 2100 mullo
176 2035 323 2120 gratiores
347 2035 374 2100 si
396 2037 427 2100 te
449 2053 539 2118 quern
555 2033 642 2098 valde
665 2033 697 2098 in
712 2033 843 2100 Domino
860 2033 1019 2118 diligimus
1041 2035 1135 2100 nullis
1154 2035 1304 2102 molestiis

74 2168 230 2234 oppressum
245 2151 517 2226 intellexissemus3
541 2151 621 2214 certe
644 2148 726 2214 enim
741 2149 904 2215 dolendum
927 2152 974 2215 est
988 2151 1089 2216 Deum
1111 2151 1304 2238 omnipoten-

75 2266 125 2330 tem
139 2266 264 2350 peocatis
280 2265 393 2331 nostris
415 2264 562 2330 infestum
578 2264 699 2329 tantum
715 2263 835 2330 arbitrii
850 2265 881 2328 et
895 2264 1035 2330 licentiae
1050 2265 1182 2332 efferatis
1205 2268 1305 2333 hosti·

76 2379 122 2444 bus
142 2381 296 2448 chmstiani
318 2380 452 2446 nominis
481 2379 627 2445 tribuisse
649 2381 683 2445 ut
707 2399 826 2464 semper
850 2381 962 2444 nostris
986 2379 1107 2447 damnis
1130 2383 1210 2449 vires
1234 2403 1305 2449 suas

75 2495 212 2562 ostendere
235 2499 266 2561 et
289 2496 437 2580 ampliare
459 2495 597 2561 audeant.
643 2492 740 2574 Quem
764 2513 819 2559 nos
836 2515 993 2578 speramus
1009 2496 1106 2580 ipsius
1125 2499 1196 2564 freti
1211 2501 1306 2566 mise·

77 2609 187 2676 ricordia
208 2611 370 2696 aliquando
400 2611 507 2677 mitius
530 2613 561 2676 et
584 2611 745 2694 benignius
775 2631 823 2675 res
846 2613 966 2676 nostres
996 2616 1217 2696 respecturum,
1247 2616 1305 2681 boc

78 2725 192 2792 maxime
211 2729 347 2810 tempore
369 2746 428 2810 quo
443 2728 530 2792 tanta
552 2729 584 2791 et
605 2728 670 2790 tam
693 2725 867 2791 admirabili
883 2726 1008 2791 victoria
1031 2729 1069 2793 ad
1093 2747 1210 2795 sermom
1230 2727 1306 2796 Cae·

79 2858 162 2906 sarem
175 2842 281 2921 delata.
296 2842 378 2907 viam
392 2841 479 2906 nobis
489 2841 608 2906 munire
618 2841 657 2906 ad
667 2843 805 2906 sanctam
819 2842 1039 2926 expeditionem
1053 2844 1178 2910 videtur.
1202 2845 1309 2929 Itaque

79 2973 122 3020 nos
142 2961 172 3022 et
193 2959 343 3024 instamus
365 2957 487 3023 assidue
510 2959 544 3022 nt
565 2957 623 3022 hoc
646 2957 849 3023 necessarium
872 2959 987 3023 bellum
1010 2958 1154 3024 adversus
1173 2961 1309 3026 Turcbas

81 3073 243 3156 suscipiebar
258 3075 289 3140 et
311 3073 434 3139 interim
458 3072 532 3139 dum
547 3072 604 3138 boc
619 3073 674 3138 fiat
688 3074 735 3138 tui
750 3074 780 3138 et
796 3091 896 3139 rerum
912 3076 1033 3138 tuarum
1049 3074 1186 3140 omnium
1204 3095 1309 3141 curam

81 3191 212 3266 ooaalmn
232 3189 320 3254 nobis
342 3188 447 3253 licebit
469 3205 531 3254 non
547 3207 652 3256 sumus
668 3188 826 3263 omissum
849 3189 880 3252 te
903 3189 935 3253 in
951 3187 1081 3254 Domino
1104 3190 1261 3256 humantes
1277 3194 1312 3257 ut

82 3319 124 3381 pro
145 3305 195 3369 lua
219 3307 250 3369 ct
272 3305 422 3369 maiomm
452 3306 575 3369 tuomm
603 3303 716 3388 pietate
746 3323 781 3368 ac
806 3303 918 3368 virtute
942 3303 1014 3368 lorti
1044 3304 1184 3371 resistere
1208 3306 1311 3373 animo

83 3419 107 3477 ct
125 3419 270 3502 acqumere
291 3419 429 3503 perpetui
455 3418 560 3485 meriti
588 3419 722 3503 gratiam
753 3418 833 3502 apud
863 3419 964 3484 licum
994 3421 1024 3484 et
1054 3439 1109 3485 nos
1139 3422 1312 3489 contendas.

85 3527 138 3596 lios
158 3537 236 3600 certe
265 3534 418 3600 nobilitati
442 3537 512 3600 tneo
535 3553 570 3600 er
592 3534 695 3600 animo
724 3533 869 3612 favemus,
900 3535 1057 3618 ipsamque
1079 3535 1239 3620 diligimus
1262 3557 1313 3602 sa-

87 3643 220 3732 lutemque
242 3651 273 3714 et
294 3649 550 3734 tranquillitatem
570 3649 655 3714 tuam
678 3648 780 3733 aliqua
802 3649 889 3714 nobis
913 3649 1016 3715 oblata
1031 3652 1185 3717 occasione
1209 3673 1314 3718 sumus

88 3761 154 3826 cordi
173 3763 314 3831 babituri.
344 3763 430 3844 Quod
452 3784 522 3830 uero
545 3765 585 3830 ad
606 3765 753 3830 iubileum
770 3764 839 3829 istis
862 3765 1083 3848 indulgendum
1099 3767 1217 3847 attinet
1241 3787 1314 3852 gra-

89 3873 151 3942 tiam
170 3879 225 3945 tibi
240 3883 375 3946 nostram
390 3881 520 3946 libenter
542 3879 769 3963 impertivimus
786 3880 865 3944 sicut
887 3900 940 3963 per
962 3881 1039 3946 alias
1054 3885 1174 3947 nostras
1197 3883 1317 3948 litteras

91 4009 238 4074 «agnosces,
269 3996 301 4060 in
323 4016 383 4080 qua
404 4013 440 4062 ca
462 4016 494 4061 re
517 3997 548 4062 et
570 3997 640 4061 aliis
670 3996 812 4062 omnibus
841 4016 963 4062 omnem
993 4000 1129 4064 nostram
1159 4000 1317 4083 paternam

94 4101 292 4192 lonignitatem
314 4112 371 4177 tibi
394 4115 425 4178 et
439 4111 502 4177 tuis
525 4112 614 4178 rebus
631 4131 736 4177 sumus
761 4130 878 4196 semper
902 4113 1092 4197 praestituri;
1116 4114 1195 4178 sicut
1216 4133 1318 4180 coram

172 4359 187 4416 ¹]
204 4362 281 4410 Comes
301 4361 388 4419 Cluniae
407 4367 446 4420 qui
466 4378 556 4413 summa
575 4365 661 4412 virtute
679 4364 805 4410 ineuloibns
823 4365 945 4412 l'urcaoum
964 4365 1097 4412 obstiterat.

1124 4451 1161 4520 8*
