3192 4930
777 674 972 734 Erasm0.

338 831 456 897 Dilecte
478 831 525 896 lili
546 832 601 897 etc.
647 831 687 896 nt
708 829 828 895 litteras
858 829 927 894 tuas
950 828 1082 912 legimus
1111 828 1242 896 libenter
1264 831 1296 894 et
1317 829 1431 894 libmm
1454 829 1492 893 li·

248 948 443 1014 beatissime:
476 951 566 1032 atque
595 967 630 1012 er
660 946 796 1029 utrisque
825 945 870 1010 eis
899 945 1088 1029 percepimus
1118 963 1179 1011 non
1211 944 1311 1010 sulum
1343 945 1493 1028 specimen

248 1063 402 1130 doctrinae
424 1083 516 1148 quam
531 1064 565 1129 in
585 1065 617 1129 ts
631 1060 813 1145 iampridem
829 1079 1065 1145 cognoveramus
1088 1061 1252 1144 egregiam,
1275 1079 1380 1126 verum
1403 1060 1494 1126 etiam

247 1181 334 1246 illam
358 1199 433 1263 quae
456 1180 543 1246 nobis
566 1197 627 1246 nou
649 1177 752 1244 minus
774 1177 905 1244 iucunda
927 1177 994 1256 fuit,
1018 1178 1049 1242 et
1071 1195 1163 1260 quam
1184 1178 1336 1261 praeclare
1351 1176 1495 1260 exprimis

248 1297 281 1362 in
303 1296 366 1361 tuis
388 1295 501 1362 litteris
531 1314 604 1380 erga
632 1312 697 1372 nos,
727 1293 967 1359 observantiam:
1007 1293 1110 1376 itaque
1132 1292 1211 1376 quod
1240 1292 1329 1358 uobis
1351 1291 1389 1358 de
1410 1293 1497 1360 tanta

248 1411 305 1476 hae
328 1411 368 1476 ad
388 1429 444 1476 nos
459 1410 518 1476 Dei
539 1409 683 1476 beneficio
706 1408 807 1474 delata
821 1407 972 1492 dignitate
994 1408 1168 1492 gratularb,
1190 1427 1245 1475 nos
1259 1409 1496 1493 gratulationem

247 1529 333 1593 tuam
356 1526 395 1592 ab
418 1526 533 1610 optimo
556 1525 659 1592 animo
681 1523 847 1609 proiectam
876 1525 963 1608 grate
986 1524 1160 1607 accipimus,
1191 1524 1378 1609 eundemque
1408 1525 1496 1591 nobis

248 1641 287 1708 ad
310 1641 464 1708 ferendam
479 1660 568 1725 opem
590 1643 679 1725 atque
695 1639 842 1706 auxilium
856 1639 957 1704 Deum
979 1639 1161 1706 advocamus
1176 1659 1234 1724 quo
1248 1641 1406 1706 valeamus
1421 1659 1497 1724 qnae

248 1776 336 1824 curae
358 1759 390 1824 et
412 1757 537 1841 vigiliae
559 1758 680 1824 nostrae
710 1758 748 1822 ab
770 1775 805 1821 eo
828 1755 894 1838 ipso
924 1755 1088 1822 commissa
1115 1758 1187 1822 sunt
1210 1757 1258 1822 vel
1279 1757 1399 1842 integra
1422 1773 1495 1822 con·

248 1892 367 1940 servare
390 1874 438 1940 vel
459 1874 610 1942 labefacta
631 1873 805 1939 restituere:
828 1871 868 1937 ad
888 1872 973 1938 illius
995 1872 1119 1955 quidem
1133 1873 1236 1940 omnia
1251 1873 1390 1957 gloriam
1413 1869 1497 1938 Nam

248 2010 303 2058 nos
327 1991 376 2056 sat
397 2008 546 2075 magnum
569 1989 702 2055 tructam
731 1987 844 2054 laboris
874 1988 972 2056 nostri
1000 1989 1155 2056 assecutos
1184 2008 1239 2055 nos
1269 1988 1497 2066 arbitrabimur

129 2093 132 2102 ’
248 2107 275 2172 si
298 2106 477 2191 diligentiae
499 2107 621 2172 nostrae
643 2104 758 2171 exitum
774 2102 969 2170 babuerimus
992 2123 1082 2188 quem
1105 2103 1254 2188 optamus.
1293 2102 1393 2184 Quare
1417 2105 1446 2170 si
1460 2104 1499 2169 de

247 2223 336 2288 nobis
366 2221 463 2288 sentis
492 2221 749 2306 quemadmodum
779 2221 887 2287 scribis
915 2220 1093 2298 honorilice,
1121 2220 1201 2304 quod
1231 2221 1310 2287 bona
1331 2223 1499 2298 voluntate,

248 2357 325 2422 quae
346 2337 380 2402 in
402 2338 490 2403 nobis
506 2338 562 2415 esi,
584 2337 671 2421 potes
686 2355 748 2402 nna
770 2354 837 2401 esse
860 2336 1034 2414 mutantis,
1057 2336 1281 2421 praestabimus
1297 2335 1439 2420 prolecto,
1463 2338 1500 2402 ut

247 2471 316 2520 vere
338 2454 477 2538 recteque
501 2453 631 2519 sentias:
668 2471 722 2518 nec
744 2453 775 2519 te
798 2451 835 2517 de
863 2451 952 2519 nobis
974 2452 1063 2526 fallet
1085 2452 1259 2535 expectatio.
1306 2450 1361 2518 Sin
1383 2453 1498 2521 autem

247 2569 327 2654 quod
349 2589 405 2636 nos
427 2569 550 2654 ingenio
573 2587 608 2634 ac
631 2567 782 2652 sapientia
802 2585 890 2651 pares
914 2569 1000 2633 tanto
1022 2568 1106 2634 oncri
1129 2567 1251 2634 ferendo
1274 2587 1340 2634 esse
1369 2567 1498 2644 iudicas,

244 2705 340 2770 neque
369 2685 565 2771 agnoscimus
596 2684 719 2751 laudem
742 2683 835 2759 baum
858 2684 890 2748 ct
911 2683 970 2749 Dei
992 2685 1097 2750 tamen
1119 2684 1188 2752 freti
1207 2685 1412 2769 benignitate,
1435 2705 1500 2750 uon

245 2801 414 2868 diffidimus
443 2801 588 2868 daturum
616 2819 687 2867 eum
716 2799 804 2866 nobis
833 2799 1021 2880 facultatem,
1052 2800 1168 2884 aliquid
1200 2801 1333 2866 salutare
1355 2801 1387 2865 et
1409 2819 1498 2866 com·

245 2917 369 2984 modum
398 2915 591 2996 conficiendi,
621 2917 674 3001 qui
703 2915 788 2981 dedit
816 2917 848 2982 et
875 2914 1073 2982 voluntatem.
1118 2918 1178 2982 Pro
1207 2917 1293 2982 cuius
1322 2917 1434 2982 bonore
1465 2918 1501 2982 et

244 3033 375 3113 nomine,
404 3033 485 3117 quod
513 3034 548 3098 tn
577 3051 694 3117 qnoque
722 3031 845 3097 assidue
874 3032 1022 3098 laborasti
1051 3035 1083 3098 et
1109 3033 1246 3112 laboras,
1277 3033 1338 3098 fers
1367 3033 1401 3098 tu
1430 3032 1499 3098 iam

244 3149 366 3235 quidem
382 3167 443 3215 uon
457 3149 607 3216 mediocre
621 3148 792 3232 praemium
809 3146 974 3231 singularis
990 3147 1071 3232 apud
1085 3165 1191 3215 omncs
1206 3147 1499 3214 commendationis:

243 3265 413 3332 nimirum
436 3283 498 3331 nou
521 3265 570 3344 sit,
599 3266 631 3331 te
653 3283 672 3330 a
693 3263 801 3329 multia
830 3265 953 3348 propter
981 3263 1096 3330 famam
1125 3263 1242 3349 ingenii
1264 3282 1299 3330 ac
1321 3264 1499 3330 litterarum

243 3382 379 3466 flagitari
400 3383 431 3446 'et
453 3380 559 3464 expeti.
606 3378 724 3460 Quibus
754 3379 834 3463 qnod
857 3379 1016 3463 anteponis
1048 3380 1154 3445 urbem
1185 3381 1272 3460 hanc,
1303 3379 1499 3446 domicilium

243 3517 312 3563 vere
334 3497 490 3563 doctomm
513 3499 604 3581 atque
626 3495 824 3580 prudentum,
847 3495 1061 3580 gratissimum
1082 3497 1169 3561 uobis
1193 3498 1254 3572 est3
1284 3496 1376 3580 inqua
1398 3513 1442 3575 ea,
1467 3497 1499 3562 si

242 3614 302 3678 hnc
324 3614 355 3680 te
377 3612 549 3692 condideris,
572 3610 666 3678 visuri
683 3630 788 3677 sumus
810 3613 841 3676 te
862 3611 1081 3689 libentissime;
1105 3629 1291 3696 quamquam
1312 3611 1500 3694 ubicumque

242 3727 336 3796 meus
358 3729 508 3807 locorum,
537 3747 592 3794 nec
615 3729 668 3793 tue
690 3727 788 3792 virtus
812 3746 847 3792 er
870 3726 973 3792 anime
995 3728 1108 3808 nostro,
1138 3746 1235 3811 neque
1257 3727 1405 3792 memoria
1426 3727 1498 3792 ela-

242 3846 345 3912 betur:
368 3845 609 3929 babebimusque
632 3862 752 3927 semper
774 3845 1006 3910 monumentum
1030 3842 1111 3928 apud
1133 3861 1197 3921 nos,
1226 3845 1293 3909 tum
1314 3844 1499 3926 perpetuam

241 3963 379 4027 nostrum
403 3960 440 4026 ds
462 3962 515 4026 tua
530 3959 700 4045 praestanti
722 3957 860 4024 doctrina
876 3959 1064 4043 opinionem;
1087 3961 1154 4024 tum
1175 3959 1233 4024 boc
1253 3957 1367 4024 donum
1388 3977 1500 4025 recens

242 4079 333 4162 atque
363 4095 485 4158 novum,
515 4076 588 4155 cius,
619 4095 709 4161 quem
732 4074 848 4140 misisti
877 4073 916 4140 ad
942 4093 1007 4155 nos,
1035 4074 1069 4139 in
1091 4075 1159 4140 acta
1188 4074 1402 4159 apostolorum,
1431 4093 1501 4140 non

242 4193 344 4259 minus
367 4193 425 4276 pie,
448 4211 540 4278 quam
563 4192 679 4258 erudite
701 4189 863 4276 perscripti
890 4191 978 4269 libri;
1008 4209 1099 4276 quem
1120 4210 1185 4271 nos,
1214 4191 1295 4257 inter
1316 4189 1500 4256 carissimas

242 4327 291 4376 ras
314 4309 435 4376 nostras
451 4308 587 4376 habituri
610 4327 724 4376 sumus.
763 4309 809 4376 Ac
831 4307 1037 4393 cogimntibns
1060 4307 1149 4374 nobis
1170 4305 1357 4386 iamdudum,
1381 4325 1439 4391 quo
1460 4306 1501 4374 te

240 4423 402 4490 honestare
415 4443 583 4510 possemus,
605 4443 659 4509 pro
674 4425 797 4493 tuamm
814 4424 964 4492 virtutum
986 4424 1114 4506 meritis,
1135 4424 1320 4506 ornamento,
1344 4421 1496 4510 quoniam
