3128 4908
805 271 1051 342 -194-

298 466 494 547 accesseritis,
517 467 597 534 nihil
619 468 728 535 horum
751 488 821 535 cum
843 469 916 549 Deo,
939 470 971 535 et
992 489 1063 536 cum
1084 469 1164 535 bcno
1184 468 1369 536 conscientie
1388 486 1516 554 possnrm

297 583 402 664 fecere,
427 583 506 650 sicut
528 587 560 651 et
581 603 635 651 vos
658 586 772 669 optime
795 605 831 652 ex
853 586 948 652 sacris
971 585 1137 652 canonibus
1160 587 1191 652 et
1205 586 1291 651 omni
1313 585 1412 652 divino
1431 585 1515 651 hune·

279 737 280 740 =
296 719 394 786 noque
408 700 474 766 iure
488 719 666 786 cognoscere
681 702 818 784 potestis.
858 703 973 769 Datum
989 703 1105 774 Romae
1120 701 1169 766 die
1183 702 1222 768 xi
1238 702 1413 768 Decembris
1425 701 1516 767 murs.

295 816 385 884 Anno
407 817 506 886 tertio.

888 1026 960 1094 149.

806 1165 1041 1225 Helvetiis.

381 1282 495 1349 Dilecti
517 1281 574 1350 filii
590 1283 722 1349 salutem
739 1284 795 1350 etc,
839 1283 877 1349 ln
892 1283 1040 1350 memorie
1061 1283 1210 1350 habemus
1225 1282 1366 1367 pluribus
1379 1283 1440 1350 inm
1452 1301 1516 1349 neu·

294 1398 378 1464 sibus
401 1398 523 1484 elapsis,
545 1417 614 1465 cum
635 1398 728 1464 huius
744 1417 839 1466 novae
862 1401 893 1465 et
913 1399 1027 1485 impiae
1048 1399 1184 1467 haeresis
1206 1397 1290 1466 tinror
1312 1399 1347 1465 in
1367 1399 1427 1466 ista
1442 1399 1518 1464 reue

292 1513 460 1580 fortissima
482 1515 514 1580 et
535 1515 623 1581 nobis
647 1534 766 1581 summo
795 1515 907 1582 dilecta
928 1517 1061 1597 natione,
1089 1516 1170 1582 inter
1192 1515 1311 1600 aliquos
1340 1515 1423 1582 rirue
1449 1532 1516 1581 suun

292 1648 433 1714 spargere
455 1631 593 1715 cepisset
623 1633 745 1715 rogatos
768 1651 824 1699 nos
847 1651 866 1697 a
887 1632 1040 1717 plerisque
1062 1634 1199 1697 vestrum
1221 1629 1326 1712 tuisse
1354 1631 1458 1717 quibus
1475 1628 1517 1695 Dei

290 1746 507 1831 omnipotentis
530 1746 633 1825 honor,
665 1747 697 1812 et
720 1744 792 1813 fidei
814 1746 981 1815 catholicae
1003 1765 1075 1814 cure
1106 1747 1210 1813 animo
1232 1744 1396 1828 insidebat,
1426 1745 1458 1812 nt
1474 1744 1516 1809 bo·

289 1861 406 1928 minem
427 1861 529 1928 isthuc
558 1861 680 1928 mittere
703 1863 735 1928 et
763 1863 976 1930 auctoritatem
997 1864 1137 1929 nostram
1167 1861 1359 1947 interponere
1386 1861 1517 1934 vellana

288 1977 450 2061 quominus
479 1978 640 2044 haereticis
669 1977 721 2062 qui
743 1977 891 2043 vexillum
920 1975 1073 2044 Satbuuae
1102 1977 1247 2043 adversus
1277 1997 1397 2045 crucem
1425 1973 1516 2042 Christi

288 2092 403 2176 erigere
418 2094 613 2172 conabantur,
629 2111 718 2178 agere
733 2092 841 2177 predas
857 2093 1039 2173 animarum,
1062 2095 1094 2160 et
1108 2092 1255 2160 invictam
1271 2093 1366 2161 istam
1384 2093 1516 2160 nationem

288 2207 431 2274 dedecore
446 2208 687 2293 detrimentoque
709 2207 837 2288 afficere,
860 2227 919 2294 quo
935 2210 1070 2294 tempore
1091 2228 1157 2290 nos,
1180 2227 1251 2275 cum
1273 2211 1305 2276 et
1318 2209 1517 2294 posbulatoron

286 2324 456 2390 rostrorum
479 2323 607 2407 equites,
630 2326 661 2390 et
683 2325 786 2390 noster
809 2343 882 2410 erga
904 2343 958 2391 vos
981 2324 1147 2410 singularis
1171 2343 1265 2404 amor,
1292 2343 1413 2392 omnem
1433 2340 1518 2390 curan

286 2437 323 2504 de
345 2440 431 2506 robis
454 2439 486 2506 et
507 2439 545 2507 de
575 2441 672 2506 salute
703 2441 804 2506 vestra
834 2439 986 2525 suscipere
1016 2459 1071 2508 uos
1101 2441 1230 2525 cogeret,
1262 2439 1405 2507 misimus
1433 2451 1518 2506 reuee

284 2552 411 2622 fratrem
433 2555 566 2621 Ennium
589 2556 764 2640 episcopum
787 2556 975 2622 Verulanum
990 2555 1136 2624 nuncium
1158 2557 1299 2622 nostrum
1321 2557 1397 2622 bene
1417 2555 1516 2621 instru-

284 2673 367 2738 ctum
390 2671 526 2738 consiliis
541 2673 655 2739 uostris
670 2671 821 2750 omnibus
845 2689 935 2756 quom
959 2672 1156 2756 sperabamus
1169 2672 1228 2737 hoo
1250 2671 1344 2738 etiam
1363 2671 1425 2738 fore
1445 2667 1517 2736 robis

282 2787 448 2872 gratiorem
471 2787 728 2872 acceptioremque
751 2786 873 2872 quodie
896 2785 948 2854 diu
964 2788 1055 2854 antee
1077 2786 1157 2854 inter
1179 2805 1233 2854 vos
1249 2787 1338 2854 Sedis
1354 2785 1517 2873 apostoliae

282 2901 404 2969 nomino
426 2905 573 2982 versatus,
596 2904 628 2968 et
642 2903 729 2968 vobis
752 2903 892 2987 cognitus
917 2923 1072 2970 summum
1093 2903 1229 2969 studium
1251 2921 1325 2988 ergo
1346 2921 1396 2969 res
1416 2903 1517 2968 vanas

282 3017 314 3084 et
337 3037 489 3086 summam
511 3017 749 3084 benivolentiam
771 3017 936 3096 retinebat3
960 3038 1020 3103 qua
1036 3039 1088 3104 spe
1111 3022 1143 3086 et
1157 3018 1298 3102 opinione
1319 3019 1424 3086 nostre
1439 3033 1517 3102 quam

282 3133 428 3200 monnone
451 3133 598 3213 frustrati,
627 3151 681 3200 vos
711 3135 826 3218 optime
854 3136 960 3201 nostis.
1006 3134 1090 3202 Nam
1112 3153 1209 3219 neque
1237 3135 1286 3200 illi
1314 3135 1394 3202 liber
1420 3132 1516 3206 aditus,

280 3250 406 3335 tuteque
428 3249 556 3315 facultas
580 3250 660 3315 inter
683 3269 735 3316 vos
757 3250 899 3317 versandi
921 3250 994 3317 dato
1016 3252 1054 3318 ab
1077 3250 1121 3318 eis
1144 3251 1286 3318 omnibus
1310 3270 1386 3335 quos
1407 3247 1517 3316 deaut

279 3363 346 3446 fuit,
369 3367 401 3432 et
422 3367 502 3432 certe
525 3385 595 3430 cum
616 3385 686 3431 eum
709 3369 809 3432 vestro
833 3367 1029 3450 potissimum
1053 3369 1161 3452 rogatu
1183 3365 1223 3431 ad
1245 3385 1299 3434 ros
1328 3365 1517 3434 mursense

279 3479 510 3566 dignissimus,
540 3481 620 3566 qnod
642 3481 675 3546 in
698 3481 807 3547 nuncio
837 3483 868 3547 et
890 3481 1014 3549 homine
1043 3483 1174 3568 benigne
1203 3483 1379 3566 excipiendo
1408 3475 1515 3548 honoris

278 3596 355 3662 ratic
378 3596 546 3663 haberetur.
593 3597 634 3662 nt
656 3597 760 3663 temen
782 3615 843 3663 non
865 3598 904 3663 ob
927 3597 1006 3664 hanc
1021 3617 1145 3664 causam
1168 3617 1187 3663 a
1209 3601 1310 3666 vetere
1333 3599 1365 3665 et
1385 3597 1517 3684 perpetuo

275 3713 379 3778 nostro
402 3731 503 3778 amore
526 3731 598 3796 erge
620 3731 674 3778 vos
698 3712 881 3792 destitimus,
913 3713 966 3778 scd
988 3713 1143 3797 cupientes
1167 3733 1286 3798 semper
1310 3732 1378 3780 eam
1400 3711 1514 3778 coniun-

275 3829 415 3908 ctionem,
445 3847 538 3914 quam
560 3828 716 3893 vobiscum
744 3827 838 3894 babet
858 3827 970 3894 Sancta
994 3828 1085 3895 Sedes
1109 3827 1282 3912 apostolice,
1312 3828 1346 3894 in
1374 3827 1437 3893 dies
1456 3819 1516 3890 fieri

275 3945 438 4010 arctiorem
467 3947 498 4010 et
521 3945 547 4009 si
571 3963 646 4028 quae
674 3942 902 4009 intercedebant
925 3945 1064 4028 querelae
1092 3943 1283 4030 pecuniariae
1305 3962 1358 4010 aas
1380 3944 1412 4010 in
1438 3939 1516 4006 buta

275 4057 361 4126 Sedis
377 4059 560 4144 apostolicae
584 4059 693 4143 inopia,
716 4060 751 4124 ut
773 4059 928 4144 potuimus
944 4061 1140 4144 placauimus,
1163 4060 1309 4144 vobisque
1331 4059 1365 4126 iu
1388 4077 1418 4125 ro
1437 4049 1513 4122 omui

273 4175 371 4259 quoad
394 4175 501 4241 datum
523 4175 583 4242 tuit
604 4176 777 4241 curavimus
802 4175 985 4242 satisfacere.
1031 4177 1070 4242 lit
1092 4195 1171 4243 nunc
1193 4195 1312 4262 quoquo
1331 4195 1401 4242 oum
1421 4165 1514 4238 dilecti

273 4289 331 4354 filii
346 4291 539 4356 Turrioenees
554 4291 677 4358 homine
701 4307 755 4356 suo
777 4288 816 4355 ed
839 4309 895 4356 nos
910 4290 1016 4372 misso,
1039 4291 1203 4375 quamdam
1219 4295 1354 4360 veterem
1369 4301 1511 4358 summam

277 4404 422 4490 pecuniae
444 4423 462 4471 a
484 4405 572 4472 nobie
586 4405 731 4489 peterent,
754 4423 846 4493 quam
862 4404 996 4472 dicerent
1018 4405 1078 4472 eibi
1099 4407 1194 4474 fuisse
1208 4406 1355 4488 debitam,
1376 4403 1514 4472 nontam
