3192 4930
773 279 995 342 „10-

870 475 899 538 8.

376 611 625 671 Helvetiorum
649 613 857 672 oratoribus
880 614 916 669 in
940 613 1102 670 Lucerna
1124 605 1393 683 congregatis'l

346 737 459 802 Dilecti
480 737 546 822 filij.
590 739 852 822 Congratulationi
873 741 992 804 restrae
1014 757 1106 820 quam
1128 739 1167 803 ob
1189 739 1268 802 hanc
1289 741 1428 803 nostram
1447 737 1504 804 Dei

257 853 475 936 omnipotentis
505 853 649 918 beneficio
678 854 717 918 ad
754 855 868 918 summi
897 854 1086 936 apostolatus
1115 853 1237 918 culmen
1266 854 1505 936 assumptionem

257 969 345 1032 nobis
358 968 552 1051 praebuistis.
568 969 778 1052 respondimus
793 989 847 1052 per
861 970 939 1033 alias
954 971 1083 1034 nostras.
1099 971 1224 1052 paterno
1239 987 1341 1033 amore
1356 971 1386 1033 et
1405 969 1506 1034 animo

258 1083 348 1149 fidem
371 1103 406 1148 ac
429 1085 670 1150 benevolentiam
691 1089 825 1151 rostram
847 1085 881 1150 in
896 1103 951 1149 uos
974 1087 1005 1149 et
1028 1087 1166 1149 sanctam
1180 1084 1260 1149 hano
1283 1083 1393 1150 Sedem
1408 1085 1506 1167 pluri-

256 1217 342 1264 mum
371 1200 634 1266 commendantes:
678 1203 799 1267 rostrae
825 1203 929 1266 autem
957 1201 1159 1283 postulationi
1186 1220 1279 1284 quam
1310 1217 1365 1284 pro
1395 1201 1506 1266 dilecto

256 1313 320 1380 lilio
343 1313 449 1380 Carolo
473 1315 642 1382 Bcnrorneo
669 1317 875 1401 protonotario
904 1319 1008 1381 nostro
1037 1317 1123 1381 robis
1155 1315 1345 1380 consederato
1374 1316 1408 1382 in
1437 1317 1521 1380 aliis.

255 1429 369 1495 litteris
402 1431 505 1496 facitis
537 1451 617 1496 nunc
659 1431 892 1514 respondemus.
928 1431 1092 1512 probantes
1124 1433 1155 1496 et
1186 1431 1346 1496 laudantes
1384 1433 1507 1514 gratam

255 1547 398 1622 vestram,
420 1547 630 1612 inhominem
652 1551 683 1613 et
707 1547 771 1612 suis
793 1547 958 1611 neofitus
981 1547 1110 1630 dignum
1124 1548 1156 1611 et
1177 1545 1383 1612 dominatione
1406 1548 1508 1612 restra

256 1659 487 1739 benemeritam,
510 1663 714 1727 voluntatem:
739 1681 829 1746 quem
851 1680 907 1726 nos
930 1679 1047 1745 quoque
1068 1662 1194 1744 paterna
1210 1661 1243 1725 in
1264 1661 1387 1726 domino
1403 1660 1507 1726 cbari-

253 1777 318 1840 tate
340 1777 579 1860 complectimur,
602 1779 768 1860 aptumque
789 1777 912 1860 magnis
934 1775 1099 1842 honoribus
1120 1775 1300 1841 iudicamus.
1345 1773 1508 1860 Quumque

254 1893 355 1956 vestra
377 1891 599 1958 commendatio
621 1893 703 1957 tanti
724 1894 772 1957 est
794 1891 874 1976 apud
897 1911 952 1958 nos
968 1894 1003 1957 ut
1025 1891 1159 1956 cuiusve
1181 1890 1366 1976 dignitatem
1390 1891 1506 1974 ampli-

254 2005 343 2072 ticare
365 2008 483 2092 posset,
513 2006 741 2072 ostenderemus
763 2027 856 2092 quam
878 2007 1010 2072 libenter
1031 2026 1124 2090 quam
1146 2005 1233 2071 vobis
1255 2005 1357 2089 cupidi
1379 2007 1509 2090 gerendi

253 2141 369 2187 morem
391 2122 425 2188 in
454 2124 572 2188 cunctis
602 2123 692 2188 iustis
721 2122 920 2205 petitionibus
950 2123 1062 2196 simus;
1091 2141 1196 2187 rerum
1226 2122 1282 2187 boo
1311 2121 1448 2204 tempore
1480 2122 1508 2186 is

252 2239 300 2302 est
323 2239 423 2302 status
447 2237 534 2302 Sedis
557 2237 741 2322 apostolicae
762 2239 798 2302 ut
812 2238 891 2302 nibil
914 2238 1016 2303 minus
1032 2239 1234 2322 opportunum
1257 2236 1396 2302 videatur
1411 2257 1507 2320 quam

253 2370 401 2418 novorum
416 2353 618 2418 cardinalium
633 2352 754 2418 creatio.
779 2351 853 2418 Cum
877 2353 981 2419 actem
998 2353 1043 2416 ita
1067 2353 1109 2417 sit
1130 2371 1191 2418 non
1206 2371 1403 2437 gravaremur
1418 2353 1509 2418 vobis

251 2466 382 2532 seribere
404 2469 551 2551 tanquam
584 2469 664 2533 reris
687 2468 856 2533 rationibus
880 2468 1072 2552 acquieturis
1095 2468 1157 2533 nisi
1178 2468 1423 2533 existimaremus
1446 2487 1507 2532 uo-

251 2583 347 2647 stram
371 2583 452 2666 apud
475 2602 528 2649 sos
551 2583 787 2650 alienationem
811 2583 888 2648 satis
911 2601 1059 2667 magnum
1081 2582 1199 2666 pondus
1222 2583 1398 2648 habituram
1428 2602 1508 2648 esse.

250 2695 351 2777 Quare
380 2699 469 2764 nobis
490 2699 717 2764 affirmantibus
746 2699 781 2763 ut
810 2697 940 2763 credatis
971 2699 1119 2778 volumus,
1148 2717 1313 2782 propensos
1336 2716 1391 2762 uos
1415 2699 1509 2762 valde

249 2833 315 2878 osso
345 2813 384 2878 ad
408 2815 508 2879 restra
537 2815 664 2880 honesta
694 2813 844 2879 desideria
872 2814 986 2879 nostris
1016 2814 1170 2880 beneficiis
1200 2811 1426 2896 amplectenda:
1459 2815 1507 2878 sic

248 2927 331 2994 euim
354 2930 385 2994 et
401 2931 501 2995 vestra
525 2929 637 2995 eximia
657 2930 756 2994 virtus
779 2929 811 2995 et
825 2930 987 3012 perpetuus
1009 2931 1113 2995 noster
1134 2929 1172 2992 in·
1189 2929 1284 2994 istam
1299 2927 1506 2994 fortissimam

248 3043 404 3110 nationem
426 3063 512 3110 arnor
543 3045 686 3129 postulat.
733 3042 903 3124 Quominus
926 3062 995 3109 vero
1029 3063 1109 3109 nunc
1131 3045 1174 3109 ita
1198 3043 1292 3110 libere
1321 3062 1507 3122 annuamus,

248 3159 370 3244 magnis
400 3161 432 3226 et
459 3161 568 3225 multis
598 3159 698 3225 causis
728 3159 861 3244 profecto
883 3159 1083 3244 impedimur;
1114 3178 1190 3243 quae
1221 3159 1249 3224 si
1277 3177 1336 3244 quo
1365 3159 1509 3242 tempore

247 3275 442 3356 cessaverint
465 3295 498 3342 re
519 3276 588 3359 ipse
611 3275 808 3359 experiemini
821 3277 957 3340 rostram
979 3273 1106 3359 plurimi
1127 3274 1207 3359 apud
1229 3292 1285 3339 nos
1299 3291 1367 3340 esse
1388 3272 1505 3339 volun·

246 3391 352 3458 tatere
397 3391 515 3457 Datum
536 3391 652 3458 Romae
674 3389 724 3457 die
747 3391 786 3457 vi
810 3389 917 3456 Martii
938 3390 1068 3456 mdxxir.
1113 3390 1203 3456 Anno
1225 3389 1333 3474 primo.

858 3572 888 3637 9.

720 3770 725 3776 ¹
759 3683 987 3771 Erasmo.²)

333 3819 452 3886 Dilecta
474 3769 520 3886 lili
543 3791 613 3887 etos
643 3821 689 3886 Er
711 3819 824 3885 litteris
847 3818 910 3884 tuis
933 3817 964 3882 ot
993 3835 1028 3882 ex
1051 3835 1086 3882 eo
1108 3818 1186 3884 libro
1209 3837 1300 3902 quom
1323 3816 1363 3882 ad
1385 3836 1441 3883 uos
1465 3819 1506 3886 in

243 3935 450 4020 apostolorum
479 3937 549 4002 acta
577 3936 783 4018 conscriptum
805 3933 929 4012 misisti,
960 3931 1049 3998 facile
1078 3934 1287 4016 perspeximus
1315 3935 1402 3999 tuam
1425 3953 1508 4017 erga

336 4133 355 4194 Ι)
373 4135 474 4184 llolrotll
493 4135 626 4195 petierauta
644 4133 755 4182 Pontldce
772 4135 799 4180 ut
816 4130 922 4196 carolum
935 4132 1098 4180 Borromsoum
1116 4130 1275 4180 Cardiualluu
1300 4131 1397 4187 collario
1414 4131 1506 4180 iuscri-

243 4233 321 4288 torm
339 4231 435 4282 carolus
448 4233 487 4282 ble
499 4245 546 4281 uon
558 4235 596 4281 eat
609 4232 770 4281 celeberrimus
789 4231 829 4279 illo
841 4229 966 4279 Mediolani
983 4227 1170 4290 archiepiscopus
1188 4231 1228 4287 qul
1240 4231 1333 4278 tantum
1350 4241 1412 4278 anuo
1427 4227 1504 4279 1588

243 4331 333 4392 dronae
349 4333 417 4379 ortua
435 4334 481 4379 oct.

333 4423 354 4488 ¹)
374 4425 489 4486 Erasmus,
511 4428 560 4484 lam
585 4428 685 4487 propriis
710 4427 803 4474 caslbos
827 4427 899 4474 variis
926 4426 1135 4484 acutissimisque
1159 4426 1184 4472 iu
1208 4427 1273 4474 rarle
1291 4426 1368 4485 sewu,
1386 4423 1505 4484 tempore
