3132 4910
756 277 1002 346 -360..

843 475 918 542 274.

482 638 681 714 Episcopus
703 639 909 702 colocensis
930 645 1005 717 regi
1027 633 1275 723 Hungarlae.¹)

646 748 813 836 (Diversor.
827 751 868 819 ed
883 751 976 820 illem
992 753 1033 822 IL
1049 752 1116 840 81).

676 865 767 952 (oum
781 867 843 936 litt
859 871 889 937 9.
904 869 970 937 Mai
987 869 1096 957 1526).

346 1027 374 1094 1.
390 1024 483 1094 Sacra
498 1026 582 1113 regie
590 1027 750 1107 maiestas
764 1029 837 1096 dum
854 1051 923 1098 cum
938 1031 1092 1116 peditibus
1102 1036 1159 1099 ssi
1170 1032 1230 1099 huc
1244 1032 1415 1118 attigissem
1429 1030 1486 1096 ente

257 1143 334 1212 dues
355 1145 447 1211 hores
469 1144 604 1212 obviavit
632 1147 711 1213 mihi
738 1166 819 1214 unus
840 1147 1015 1216 adolescens
1045 1169 1115 1216 eum
1136 1149 1250 1216 litteris
1279 1147 1395 1215 demini
1413 1147 1487 1212 Pauli

256 1261 364 1347 Rclrth
390 1261 423 1328 et
442 1261 578 1330 Thomas
600 1263 802 1350 Podriimiiay
832 1266 889 1332 sub
912 1267 1011 1332 castro
1033 1266 1150 1334 domini
1177 1266 1340 1334 Michaelis
1366 1267 1487 1332 &seren

256 1377 440 1446 wuiowar.
463 1379 593 1447 Interim
608 1381 712 1448 autem
726 1381 839 1450 retinui
853 1382 1077 1450 adolescentem
1091 1402 1245 1468 quousque
1259 1384 1393 1450 castum
1407 1380 1487 1447 Zetis

256 1495 430 1582 attigissem
453 1496 507 1563 ubi
528 1515 564 1564 ex
586 1497 708 1564 fortuna
730 1498 841 1564 eccidit
861 1498 964 1583 ipsum
987 1498 1145 1567 dominum
1164 1499 1272 1584 Bakijt
1292 1499 1364 1566 istic
1384 1497 1487 1564 venisse

256 1613 310 1702 qui
332 1633 439 1681 rursus
459 1615 561 1699 preter
583 1615 697 1700 scripte
720 1634 775 1681 sue
789 1616 947 1684 hominem
969 1616 1079 1683 hebuit
1101 1616 1245 1682 a'lurcia
1266 1615 1421 1682 abeodem
1439 1613 1485 1677 ho·

256 1730 340 1802 minc
362 1731 416 1817 qui
437 1731 556 1816 pridem
578 1751 619 1799 m
636 1751 662 1798 r.
688 1751 771 1800 sacre
793 1733 914 1800 litteras
943 1733 1072 1799 miserat
1094 1732 1154 1800 sibi
1182 1733 1240 1799 tali
1261 1733 1365 1800 medo:
1387 1731 1486 1798 char.me

256 1847 292 1915 ir.
307 1865 381 1932 rogo
403 1848 485 1915 taut
507 1847 546 1914 ad
560 1868 611 1915 me
633 1868 686 1933 pro
702 1849 760 1916 hoc
781 1867 873 1915 causa
895 1869 956 1916 non
977 1849 1131 1916 immittes
1153 1850 1191 1916 de
1205 1851 1305 1916 cetero
1327 1848 1397 1934 quie
1416 1845 1486 1932 quic-

257 1963 332 2048 quid
345 1982 415 2030 vare
438 1963 523 2043 scivi,
545 1962 649 2030 omnic
663 1964 806 2049 rescripsi
827 1965 911 2050 regie
932 1965 1021 2033 met
1043 1963 1200 2034 Ooloecnsi
1220 1985 1317 2050 neque
1336 1963 1421 2032 elteri
1433 1979 1486 2028 cre·

259 2078 340 2146 dalis
363 2098 430 2146 esse
451 2078 567 2146 fectum
585 2080 647 2146 nisi
668 2080 703 2148 in
723 2080 803 2148 festo
817 2081 902 2148 beati
924 2080 1048 2168 Georgii
1071 2081 1209 2149 martiris
1223 2079 1336 2148 Caesen
1359 2099 1389 2146 se
1408 2076 1487 2144 merit

258 2195 363 2262 conda
377 2193 549 2280 Ungeriam
570 2196 771 2280 personaliter
792 2198 824 2264 et
838 2197 937 2265 eidem
960 2198 1036 2265 dicit
1050 2198 1130 2284 quod
1144 2197 1248 2265 omnia
1260 2197 1349 2282 ligne
1369 2193 1487 2282 pontium

258 2311 290 2378 et
304 2309 431 2381 attinsu
447 2311 521 2378 sunt
534 2315 695 2398 properate
708 2313 742 2380 in
757 2314 934 2384 Hendsrcut
948 2316 980 2382 et
993 2314 1073 2382 Alba
1096 2313 1158 2380 nisi
1176 2313 1347 2380 cenclarcri
1362 2309 1487 2394 indigent

349 2425 550 2496 serenissimo
578 2429 727 2514 princeps,
756 2431 838 2496 terre
865 2430 928 2497 iste
955 2430 1065 2499 territe
1093 2429 1196 2498 estin
1223 2430 1347 2496 tentum
1375 2425 1444 2514 quod
1466 2421 1487 2487 si

259 2544 373 2631 quanto
402 2543 494 2612 eitius
516 2545 661 2630 gentibus
690 2565 752 2613 non
781 2549 971 2614 succurretur
997 2547 1130 2615 nonest
1157 2546 1211 2631 qui
1238 2545 1290 2612 hie
1319 2559 1486 2630 perseveres

260 2659 384 2738 endeat;
407 2660 484 2728 bene
507 2661 566 2727 scit
587 2662 690 2729 restra
718 2664 865 2731 maiestas
889 2683 975 2730 sacre
997 2663 1120 2750 quantis
1149 2662 1294 2748 gentibus
1317 2657 1446 2728 descendi
1464 2655 1487 2720 et

262 2774 369 2842 dicunt
388 2775 440 2842 nic
462 2775 515 2861 qui
529 2796 649 2844 mecum
672 2779 745 2845 sunt
766 2779 847 2864 quod
867 2799 930 2847 non
944 2779 1118 2848 debuissem
1141 2778 1321 2846 descendere
1339 2797 1405 2844 cum
1417 2772 1486 2841 mne

260 2891 414 2978 paucitate
435 2891 584 2978 gentium,
606 2893 679 2977 quia
699 2894 733 2960 in
756 2947 763 2962 .
786 2947 794 2962 .
818 2947 826 2962 .
847 2916 889 2962 m.
905 2915 932 2962 r.
955 2895 1078 2962 tantum
1100 2894 1240 2962 animum
1262 2895 1427 2980 augmento

349 3007 492 3076 Preterse
518 3010 753 3094 generosissime
773 3011 903 3093 domine,
925 3012 1040 3079 Paulus
1061 3011 1170 3096 Rakijt
1199 3011 1352 3096 supplicat
1375 3027 1423 3095 pro
1440 3021 1486 3070 uno

260 3125 326 3191 loco
352 3123 486 3192 consorti
515 3145 569 3192 sue
596 3125 671 3193 tiliis
694 3128 725 3193 et
754 3126 825 3194 aliis
848 3127 912 3193 suis
942 3127 1117 3195 domesticis
1145 3146 1249 3195 escum
1277 3127 1392 3195 eductis
1410 3117 1486 3190 ulad

261 3242 364 3326 partes
388 3240 556 3326 superiores
570 3241 694 3310 mittere
716 3242 815 3328 possit
829 3244 865 3309 ut
888 3244 970 3310 solus
993 3243 1094 3328 magis
1117 3245 1149 3310 et
1165 3244 1308 3310 solertius
1322 3242 1418 3310 valcat
1430 3255 1485 3305 een·

262 3357 367 3425 tinuus
388 3356 440 3423 iric
462 3377 529 3427 esse
543 3357 577 3425 in
600 3357 733 3426 servitiis
753 3379 793 3425 m.
809 3379 837 3425 v.
860 3359 932 3445 quie
955 3359 983 3425 si
1004 3379 1057 3444 pre
1072 3359 1214 3426 manibus
1236 3358 1364 3427 haberet
1376 3357 1486 3424 costum

263 3488 318 3559 per
339 3493 367 3541 r.
383 3493 425 3540 m.
441 3493 464 3540 s
489 3474 550 3541 sibi
572 3473 678 3541 datum
701 3492 762 3542 non
779 3475 834 3540 illo
856 3475 1020 3542 confideret
1034 3475 1206 3543 consortem
1228 3495 1317 3558 suam
1335 3494 1369 3541 ex
1390 3467 1486 3558 quossi

262 3589 297 3656 in
311 3589 481 3658 confinibus
502 3609 557 3676 pro
580 3611 638 3676 quo
661 3591 763 3674 stege
786 3591 923 3676 supplico
945 3611 986 3658 ιιι.
1002 3611 1028 3658 ι.
1045 3593 1080 3658 ut
1103 3591 1191 3658 detur
1212 3577 1429 3676 locns'optetus
1441 3581 1486 3650 siti

264 3724 318 3791 pro
340 3706 496 3788 contorali,
519 3727 555 3773 er
569 3707 626 3774 hec
649 3706 732 3774 enim
746 3707 881 3774 maxims
903 3707 1036 3774 fidelitas
1051 3707 1085 3773 in
1107 3727 1142 3775 ee
1157 3708 1291 3775 cernitur
1313 3709 1349 3774 ut
1362 3706 1409 3772 hic
1421 3699 1486 3786 optet

263 3822 336 3907 quia
357 3841 480 3890 consors
504 3842 559 3890 sna
581 3824 630 3890 est
651 3822 795 3890 similiter
816 3821 854 3890 de
876 3824 956 3891 bone
978 3823 1097 3890 familia
1119 3824 1153 3890 in
1174 3843 1268 3908 regno
1291 3824 1398 3891 Bosnc.

352 3937 394 4006 M.
410 3959 438 4006 v.
454 3940 592 4006 remittet
613 3940 674 4006 cito
688 3939 871 4007 Michaelem
885 3939 1012 4024 Rwotht
1025 3939 1097 4024 quia
1113 3939 1227 4007 socium
1247 3959 1337 4006 sunm
1352 3933 1486 4004 interfem-

262 4056 335 4122 mnt
356 4054 463 4123 rustici
478 4057 510 4124 st
524 4056 618 4122 timeo
633 4056 712 4140 quod
734 4075 840 4124 omnes
854 4055 997 4122 liuciam
1018 4055 1177 4142 cuiugient
1193 4055 1221 4121 si
1242 4055 1303 4123 eito
1317 4073 1377 4123 non
1389 4045 1487 4120 rediret

353 4171 395 4240 M.
417 4191 445 4239 v.
469 4191 554 4239 secra
583 4171 668 4239 nullo
700 4171 790 4238 mode
818 4191 949 4258 regnum
978 4191 1068 4238 suum
1098 4171 1232 4239 dividere
1261 4169 1416 4257 permittet
1439 4158 1486 4229 nisi

357 4347 376 4412 ¹)
395 4351 522 4416 Μαι
534 4352 653 4402 sonere
671 4353 714 4402 har
732 4354 790 4402 dnae
802 4351 933 4402 Ocloocnaia
951 4353 1064 4416 epistolas
1082 4353 1148 4403 misit
1166 4351 1264 4402 Romen
1282 4365 1336 4402 enm
1353 4349 1431 4402 suem
1445 4354 1485 4404 lm·

263 4449 323 4510 pnu
340 4448 387 4497 ue
406 4449 431 4498 e.
449 4449 505 4500 am
523 4452 548 4500 e
565 4463 615 4511 see.
636 4452 713 4500 rsae.
