3132 4910
734 324 978 399 -370-

229 528 265 598 ut
286 525 314 598 si
328 524 401 599 illue
416 548 464 598 res
487 523 546 596 tibi
560 545 596 597 er
612 527 764 596 senhmia
786 527 938 596 muscatae
960 531 1072 610 essent
1094 547 1150 598 nos
1165 525 1233 598 tum
1255 521 1378 614 penitus
1392 526 1472 616 post

227 649 423 726 haberemur;
446 667 482 713 ac
503 645 612 714 deinde
634 645 739 713 mrtem
755 645 857 712 animo
873 666 944 713 cnm
967 646 1043 713 duce
1057 645 1224 715 Mediolani
1245 647 1350 732 potius
1366 646 1472 732 pacisci

227 763 437 832 contendentis
459 782 528 830 cnm
558 762 681 847 quidem
709 761 826 830 interea
856 762 904 828 tui
924 763 958 831 in
981 763 1073 829 Italis
1095 765 1231 848 agentes,
1260 765 1296 828 ut
1323 761 1425 829 omnia
1443 765 1472 827 et

226 883 311 948 entra
332 882 364 946 et
386 879 468 946 intra
490 880 649 963 appareret
679 880 784 944 contra
812 896 868 944 nos
897 897 1014 964 qnoque
1037 881 1069 944 et
1091 878 1121 944 S.
1143 878 1180 945 It
1204 879 1238 945 E.
1262 881 1380 944 statum
1405 877 1471 944 iniri

226 997 362 1076 consilia
383 997 528 1062 Parmam
551 996 657 1060 urbem
679 1012 824 1078 magnam
846 993 1016 1079 proditione
1031 996 1157 1074 occulta,
1179 994 1256 1079 cripi
1271 994 1360 1062 nohis
1374 995 1469 1060 tenta

227 1112 351 1180 vissent.
389 1108 507 1192 Quibus
529 1111 576 1176 tot
598 1111 630 1175 et
652 1109 748 1176 tantis
767 1109 888 1176 iniuriis
911 1112 943 1176 et
964 1111 1075 1190 causis,
1105 1110 1196 1177 iuviti
1217 1110 1341 1195 quidem
1368 1111 1470 1194 otge-

226 1229 354 1306 mentes,
378 1225 415 1293 de
430 1226 461 1292 to
476 1225 634 1310 desperare
649 1228 680 1290 st
695 1225 833 1292 diffidere
848 1245 955 1293 sumus
970 1226 1075 1306 coacti,
1097 1228 1294 1310 nostramque
1308 1225 1472 1294 amicitiam

224 1345 256 1410 et
278 1340 520 1410 benevolentiam
543 1359 636 1427 quam
658 1341 692 1406 tu
714 1341 806 1406 toties
821 1341 884 1408 iam
907 1340 1083 1426 repudiasti,
1105 1342 1214 1409 multis
1236 1341 1267 1408 et
1283 1341 1405 1426 magnis
1425 1361 1471 1406 re·

225 1459 316 1544 gibus
348 1457 510 1542 adiungere
542 1475 669 1541 quorum
706 1456 891 1541 optimorum
922 1457 954 1524 in
983 1457 1184 1525 christianam
1213 1477 1279 1524 rom
1307 1459 1340 1524 et
1368 1455 1473 1524 Seoem

224 1574 422 1660 apostolicam
446 1572 582 1640 animum
607 1572 635 1638 si
657 1573 812 1656 aspernati
833 1591 979 1654 essemus,
1006 1593 1068 1640 non
1090 1573 1153 1641 iam
1176 1573 1308 1659 pastoris
1332 1575 1363 1640 ot
1391 1591 1472 1640 corn·

226 1690 328 1759 munis
350 1689 448 1774 patris
471 1688 602 1768 laudem,
632 1687 685 1754 sed
709 1687 830 1773 superbi
852 1689 884 1756 et
906 1688 1067 1756 insolentis
1097 1708 1210 1756 nomen
1231 1688 1474 1774 requisissemus

224 1804 310 1887 Quod
333 1825 403 1874 curn
418 1805 500 1871 esset
521 1822 540 1868 a
562 1802 650 1869 nohis
665 1803 728 1870 ianr
750 1803 867 1870 factum
890 1807 922 1870 et
936 1804 1011 1871 fides
1028 1804 1160 1872 invicem
1182 1804 1287 1872 datam
1302 1804 1474 1890 foedusque

223 1921 380 1988 constricti
409 1919 546 1988 cumeis
576 1918 700 2004 regibus
729 1938 875 2001 essemus,
904 1921 1034 1987 accessit
1064 1921 1133 1986 tum
1161 1920 1287 1987 semum
1316 1919 1475 1989 itineribus

223 2037 306 2104 lente
328 2036 360 2102 ot
381 2034 467 2106 tarde
490 2033 635 2101 confectis
650 2033 751 2100 dictus
767 2034 837 2120 Ugo
860 2035 948 2103 nobis
966 2037 1073 2102 tecum
1088 2036 1334 2104 coniunctionem
1356 2038 1389 2104 ot
1403 2055 1474 2103 oon·

222 2151 353 2220 ditiones
375 2169 426 2218 eas
442 2148 579 2229 afferens,
602 2168 678 2234 quas
693 2168 749 2216 nos
763 2151 867 2234 cupidi
881 2153 952 2218 tuae
967 2150 1130 2232 amicitiae,
1153 2153 1184 2218 et
1198 2154 1234 2218 nt
1249 2152 1339 2218 nohis
1353 2152 1476 2236 quibem

222 2267 382 2335 uremur
404 2285 474 2331 cunr
497 2264 652 2330 communi
674 2265 783 2332 Italiae
812 2267 845 2332 et
867 2266 1104 2333 christianitatis
1133 2266 1292 2334 commodo
1314 2268 1360 2333 tui
1382 2268 1475 2334 otiam

222 2384 254 2448 et
275 2379 426 2449 commodi
448 2382 480 2446 et
502 2379 625 2446 honoris
648 2379 793 2464 privatim
816 2382 1002 2466 appetentes,
1025 2384 1090 2448 tam
1114 2401 1184 2467 sepe
1206 2383 1262 2449 abs
1276 2384 1308 2447 te
1329 2383 1475 2467 tanquam

222 2497 416 2564 vehementer
438 2515 508 2563 oum
523 2495 766 2579 requisissemus,
789 2497 903 2562 fuimus
919 2497 1010 2564 toties
1031 2497 1183 2582 repudiati
1197 2516 1233 2564 ac
1246 2497 1376 2582 repulsi;
1399 2516 1475 2582 qun·

225 2632 294 2678 rum
316 2631 396 2680 nrmc
418 2610 662 2694 accipiendarum
685 2611 801 2677 occasio
824 2613 855 2678 et
877 2613 999 2696 tempus
1013 2613 1203 2697 praeteriere
1233 2611 1335 2697 Atque
1355 2614 1393 2678 ut
1413 2612 1475 2677 irn-

220 2727 355 2813 pendeus
378 2726 487 2794 Italiae
515 2745 608 2811 grave
639 2726 796 2792 servitutis
825 2726 993 2811 periculum
1016 2746 1052 2792 ac
1081 2728 1288 2795 turbationem
1317 2728 1476 2794 universae

220 2841 456 2914 christianitatis
486 2843 635 2926 quantum
662 2841 695 2908 in
725 2841 813 2908 nobis
842 2844 890 2908 est
923 2842 1121 2927 propntimus,
1151 2844 1182 2909 at
1211 2843 1343 2910 exercitu
1364 2840 1475 2910 Seiam

219 2959 417 3045 apostolicam
432 2956 547 3024 muniri
562 2977 667 3023 sumus
682 2957 846 3041 compulsi3
870 2957 1067 3026 abhorrentes
1083 2958 1207 3043 quidem
1230 2959 1352 3043 abipsa
1370 2975 1474 3024 armo·

220 3095 288 3142 rum
310 3073 499 3152 tractatione,
532 3072 585 3138 sod
608 3074 712 3140 tamen
735 3059 852 3138 nullam
882 3073 975 3139 alium
998 3073 1082 3142 uam
1111 3073 1317 3141 defendendae
1337 3073 1476 3138 iustitiae

219 3191 250 3256 et
265 3185 356 3274 ¹pacis
378 3190 458 3254 inter
485 3206 591 3254 omnes
614 3188 719 3272 aequis
745 3187 970 3255 conditionibus
1000 3189 1174 3272 sperandae,
1196 3208 1278 3256 nunc
1306 3189 1474 3256 cernentes

219 3305 322 3374 Habes
344 3303 494 3372 rationem
517 3304 690 3371 nostrorum
713 3303 850 3370 actorum
873 3305 905 3369 et
926 3303 1132 3382 consiliorum,
1155 3322 1232 3389 quae
1249 3303 1360 3370 idcirco
1384 3321 1473 3368 sum·

218 3419 330 3486 metim
352 3419 474 3486 anobis
497 3418 555 3484 tibi
570 3418 719 3502 explicata
741 3419 789 3484 est
812 3420 847 3484 ut
861 3416 1063 3486 iusofioemus
1086 3437 1147 3486 non
1163 3420 1264 3486 solum
1279 3438 1381 3486 coram
1398 3417 1474 3492 Deo,

219 3533 260 3622 (is
282 3534 365 3604 enim
387 3534 539 3618 inspector
561 3533 697 3600 cordium
719 3533 780 3618 cst)
805 3532 858 3599 sed
881 3533 977 3600 etiam
1004 3552 1107 3600 coram
1130 3534 1274 3601 omnibus
1296 3532 1474 3601 horninibus

216 3650 351 3719 actiones
373 3652 502 3717 nostras.
547 3650 588 3716 at
617 3668 698 3716 nunc
719 3667 754 3715 oo
783 3648 886 3714 animo
916 3667 1022 3716 sumus
1052 3649 1143 3735 atqm
1165 3650 1210 3716 ita
1232 3668 1335 3716 coram
1365 3646 1473 3714 eodem

216 3766 281 3836 Deo
303 3767 334 3832 et
356 3767 388 3831 te
409 3765 567 3843 testamur,
597 3765 625 3830 si
647 3764 794 3832 aaronitas
824 3764 879 3830 tua
910 3763 950 3830 ab
971 3764 1170 3849 aequitatem
1187 3766 1218 3831 ot
1247 3763 1473 3832 humanitatem

216 3881 326 3949 reterre
349 3899 381 3946 se
411 3879 549 3958 voluerit,
579 3882 684 3948 nostra
712 3898 799 3946 arma
822 3898 883 3946 non
906 3880 1005 3946 sotum
1029 3899 1091 3947 non
1118 3879 1256 3960 advena,
1285 3879 1343 3947 b'bi
1365 3895 1473 3944 verum

215 3995 310 4062 etiam
332 3995 371 4060 ad
393 4014 442 4060 res
465 4013 533 4061 vere
555 3995 704 4079 gloriosas
727 3994 859 4080 propitia
882 3994 993 4061 futura.
1040 3993 1095 4062 Sin
1117 3997 1221 4060 autam
1243 3995 1277 4060 in
1299 3989 1473 4076 occupanda

215 4109 350 4194 quotidie
372 4109 472 4195 magis
496 4110 588 4176 Italia
610 4112 641 4176 et
663 4110 734 4176 aliis
765 4110 904 4194 partibus
934 4109 1171 4178 christianitatis
1200 4107 1410 4194 portmouuuis
1435 4107 1471 4169 tu

215 4243 276 4292 non
297 4227 363 4292 tam
385 4226 511 4292 nataae
534 4226 605 4294 tuae
634 4244 726 4309 qnam
749 4243 805 4291 nos
829 4225 956 4310 probam
978 4245 1046 4294 esse
1077 4243 1196 4310 semper
1219 4221 1471 4294 summamus

214 4357 307 4420 quam
328 4338 490 4422 cupiditati
511 4341 543 4406 et
557 4339 695 4408 consiliis
717 4343 839 4406 tuorum
854 4341 982 4425 obsequi
1004 4340 1256 4425 perseveraveris,
1286 4337 1347 4414 tica
1368 4349 1472 4416 neque

214 4449 351 4516 iustitiae
373 4471 428 4518 nec
450 4453 587 4520 libertati
602 4456 719 4535 Italiae,
742 4455 775 4521 in
790 4473 850 4541 qua
871 4456 963 4522 huius
981 4473 1099 4540 quoque
1114 4454 1246 4524 Sanctae
1263 4454 1346 4524 Sedis
1365 4447 1473 4516 nasu
