3152 4902
754 310 1000 376 -180-

249 502 362 570 nostris
385 503 485 569 verbis
507 504 659 588 copiosius
683 505 784 589 agent,
808 502 918 588 quihus
941 504 976 568 tu
998 502 1092 569 fidem
1114 500 1252 568 habebis,
1298 501 1407 566 Daton
1425 498 1476 564 ao·

249 637 317 685 mae
340 620 395 685 etc.
419 619 481 685 xiii
505 618 689 686 Novembris
710 619 830 687 mdrxv.
875 619 965 686 Anno
988 619 1127 685 secundo.

842 854 913 920 137.

285 1016 506 1078 charissimo
530 1020 567 1076 in
589 1016 734 1078 Christo
756 1018 829 1078 filio
852 1022 980 1078 nostro
1003 1017 1135 1078 carolo
1158 1019 1407 1078 Romanorum
1425 1018 1456 1072 et
1567 999 1568 1004 ’

450 1135 711 1207 Hispaniarum
734 1136 808 1207 regi
831 1137 869 1193 in
890 1135 1152 1208 imperatorem
1174 1135 1300 1194 electo.
1557 1096 1563 1119 '¹

407 1285 594 1354 charissime
616 1287 650 1352 in
672 1285 789 1353 Christi
809 1287 856 1354 fili
878 1289 982 1355 noster
1005 1288 1151 1355 salutem!

334 1427 412 1496 Oura
434 1429 567 1496 sciamm
589 1427 784 1496 Maiestatem
813 1430 900 1496 tuam
922 1430 1045 1514 propter
1074 1429 1281 1496 celsissimum
1310 1425 1480 1513 miamin
1567 1433 1568 1473 3

246 1564 305 1629 quo
328 1564 346 1610 a
368 1547 432 1612 Deo
454 1545 502 1611 eet
523 1543 671 1610 collocata
693 1546 872 1630 propterque
895 1545 991 1611 mass
1013 1545 1152 1610 familiae
1175 1546 1248 1612 tuae
1262 1543 1483 1630 amplitudinem
1567 1555 1568 1592 ὲ

245 1660 364 1744 quando
386 1679 509 1726 uxorem
530 1660 637 1726 ducere
666 1661 804 1740 voluerit,
834 1661 920 1726 cuius
942 1661 987 1727 rei
1008 1660 1072 1726 iam
1093 1662 1216 1745 tempus
1240 1661 1346 1727 adesse
1367 1659 1482 1733 viceor,
1567 1705 1568 1708 ,

246 1797 308 1843 non
329 1778 444 1842 multas
465 1778 552 1842 tanto
575 1776 715 1860 coniugio
739 1775 849 1860 dignas
867 1776 1069 1856 inventuram,
1093 1795 1222 1860 cumque
1244 1795 1280 1842 ex
1297 1796 1333 1843 eo
1347 1777 1414 1860 ipso
1434 1793 1483 1840 nu·
1567 1785 1568 1826 3

245 1912 328 1960 mero
350 1892 416 1958 fieri
437 1892 543 1976 possit,
568 1893 601 1957 ut
622 1891 678 1957 illa
700 1911 793 1975 quam
814 1893 850 1956 tu
866 1892 1014 1976 delegeris
1038 1892 1139 1958 tecum
1155 1892 1420 1977 consanguinitate
1438 1908 1483 1955 seu
1567 1901 1568 1938 f

243 2009 394 2075 affinitate
407 2007 567 2074 coniuncta
582 2007 632 2086 sit,
647 2006 727 2090 quod
741 2007 989 2074 illustrissimum
1004 2025 1101 2091 genus
1110 2009 1199 2074 tuum
1213 2008 1366 2074 latissime
1381 2007 1483 2092 pateat,
1567 2055 1568 2060 1

244 2127 275 2190 et
298 2144 403 2191 omnes
426 2125 487 2189 iere
500 2123 651 2207 principes
667 2121 769 2207 aliqua
792 2123 972 2206 cognatione
994 2123 1187 2206 complexum
1203 2123 1252 2202 sit,
1276 2123 1407 2190 neforto
1421 2124 1485 2188 hacc

244 2259 292 2306 res
321 2241 388 2306 tam
412 2238 499 2323 pium
520 2241 586 2304 tam
615 2239 747 2303 salutare
775 2238 952 2304 christianis
981 2239 1124 2306 omnibus
1154 2239 1318 2306 consitium
1339 2237 1485 2323 impediat
1567 2255 1568 2296 2

243 2359 330 2423 motu
351 2357 481 2440 proprio,
504 2357 535 2421 et
557 2374 593 2420 ex
615 2355 697 2420 certa
719 2355 825 2421 nostra
856 2355 983 2420 scientia
1005 2373 1041 2420 ac
1063 2354 1100 2420 de
1122 2355 1309 2438 apostoticae
1331 2352 1485 2440 potestatis

242 2472 431 2556 plenitudine
453 2473 564 2550 tecum,
594 2471 629 2537 ut
650 2489 827 2554 quocunque
850 2469 1126 2554 consanguinitatis
1156 2489 1192 2535 ac
1215 2471 1311 2537 etiam
1333 2467 1486 2536 affinitatis
1567 2489 1568 2496 ¹

243 2587 349 2672 gradu,
374 2588 495 2670 excepto
518 2587 623 2652 tamen
645 2586 754 2670 primo,
778 2585 1011 2652 matrimonium
1033 2585 1136 2664 libere,
1160 2587 1192 2651 et
1213 2585 1299 2652 licite
1321 2587 1489 2654 contrahere
1567 2603 1568 2648 u

243 2703 343 2788 possis
365 2703 460 2769 etiam
482 2702 510 2768 si
531 2702 644 2786 pluries
668 2701 711 2768 sis
734 2702 767 2768 in
790 2702 882 2768 dictis
904 2701 1051 2786 gradibus
1074 2720 1146 2768 cum
1168 2700 1225 2767 illa
1247 2721 1318 2769 cum
1340 2721 1401 2787 qua
1421 2720 1488 2767 con·

243 2819 379 2898 traxeris,
409 2818 597 2897 coniunctus,
628 2837 680 2883 ssu
703 2817 797 2884 etiam
820 2817 853 2884 in
875 2837 935 2883 uno
965 2836 1082 2902 quoque
1112 2817 1265 2902 gradum
1294 2817 1491 2903 prediciomm
1567 2875 1568 2916 ᾗ

243 2936 357 3020 pluries
372 2933 574 3018 coniungens,
597 2935 701 2999 tenore
716 2933 902 3017 presentium
918 2933 956 3000 de
972 2933 1113 3017 specialis
1136 2933 1214 3000 dono
1237 2934 1357 3018 gratiae
1372 2933 1489 3018 dispen-
1567 2921 1568 2968 ³

244 3071 360 3130 samus,
390 3071 452 3117 uon
480 3050 674 3116 obstantibus
703 3049 861 3134 quibusvis
891 3049 1162 3116 constitutionibus
1192 3050 1223 3115 et
1252 3049 1490 3118 ordinationibus

244 3167 435 3252 apostolicis,
465 3166 630 3250 ceterisque
660 3165 821 3231 contrariis
850 3165 1086 3250 quibuscunque.
1159 3166 1277 3231 Datum
1305 3166 1421 3232 Romae
1448 3162 1493 3230 ‹ha

246 3283 309 3349 xiii
332 3281 517 3349 Novemhu‘s
540 3280 659 3347 mdxrv.
704 3280 794 3347 Anno
817 3280 956 3347 secundo.

336 3517 539 3600 (Sccbemiptio
557 3513 746 3598 originalia).
793 3513 826 3578 L.
850 3510 1022 3577 Cardinalie
1048 3509 1143 3579 Sarum
1169 3514 1239 3578 4¹⁰¹
1263 3513 1349 3598 Papa
1373 3509 1494 3578 mandat

245 3631 324 3715 quod
348 3631 381 3696 in
403 3629 574 3696 continenti
596 3629 746 3695 scribatur
767 3629 799 3693 et
820 3627 1003 3711 expediatis.

699 3753 702 3760 ’
949 3743 982 3810 L
1006 3739 1178 3808 Cmffinalis
1200 3778 1245 3790 —
1265 3741 1316 3810 Ja
1340 3741 1408 3811 Sao

838 3993 910 4060 138.

648 4156 828 4220 Cardtnalt
852 4159 898 4218 de
919 4159 1095 4221 salutatis.

335 4317 454 4382 Dilecto
485 4315 531 4380 fili
561 4316 671 4380 noster.
717 4315 761 4380 hir
790 4313 903 4380 litteris
932 4313 995 4378 tuis
1018 4315 1050 4380 et
1072 4313 1116 4380 eis
1146 4331 1222 4397 quas
1252 4330 1362 4381 seruas·
1387 4311 1498 4380 ansar

246 4451 339 4496 manu
363 4449 419 4495 sua
442 4431 571 4513 scriptas
594 4430 682 4496 nobis
704 4429 800 4508 misit,
823 4429 1015 4512 concepimus
1039 4447 1125 4514 spem
1147 4448 1207 4496 non
1230 4429 1410 4496 mediocrem
1434 4429 1499 4496 ione
