3132 4910
764 297 918 372 -338
963 333 1009 354 -·

258 502 293 570 et
311 503 347 568 ut
368 495 483 570 tbristi
499 495 645 568 vicarium
668 501 887 587 christianique
908 501 1012 587 gregis
1028 502 1181 586 pastorem
1204 493 1341 568 reamari
1363 503 1392 567 ct
1409 491 1480 566 colere

258 621 405 705 cupimus.
450 618 556 703 Neque
586 617 740 684 immerito
764 639 789 684 r.
816 637 839 684 s.
863 619 900 686 de
923 619 1028 684 nostra
1050 618 1083 683 iu
1106 618 1210 684 hostes
1233 617 1359 684 victoria
1381 635 1479 701 mugn-

257 736 351 803 tuleri
372 734 519 819 lotamque
542 733 670 812 videtur,
700 753 718 798 a
741 735 872 800 Domino
901 734 984 800 enim
1009 734 1123 799 factum
1146 735 1194 799 cst
1220 732 1304 799 istud
1326 735 1358 800 et
1379 735 1419 798 est
1435 733 1479 797 mi·

257 851 354 919 rabdo
375 851 409 917 iu
424 849 536 917 occulis
552 849 680 926 uostris3
704 850 775 916 binc
797 850 880 916 euim
894 849 1016 932 prebuit
1031 848 1135 916 divina
1157 849 1319 916 clementia
1341 849 1403 928 iter,
1422 847 1481 932 qood

257 967 433 1034 bominibus
456 965 671 1050 conpetebat
700 965 753 1031 sed
775 965 894 1031 invium
924 967 1123 1049 clausumque
1152 965 1183 1030 ct
1206 964 1294 1048 quasi
1316 964 1480 1049 desperatum

256 1083 424 1162 ridebatur,
447 1081 486 1146 ad
508 1100 613 1165 pacem
636 1081 753 1146 scilicet
767 1081 959 1165 quietemque
981 1080 1227 1160 christianorum,
1250 1080 1290 1145 ad
1312 1081 1411 1147 hostes
1429 1078 1481 1144 idei

256 1199 444 1284 repellendos
466 1196 707 1276 muterendosva
730 1196 767 1264 ad
784 1197 904 1262 hereses
920 1197 1078 1280 sectasque
1091 1214 1231 1262 erroneas
1246 1195 1437 1280 extirpandas
1454 1193 1482 1258 ad

256 1314 457 1382 christianam
487 1312 666 1398 religionem
689 1311 898 1395 ampliandam
926 1311 1210 1396 stabilioremque,
1239 1330 1365 1397 gregem
1390 1328 1482 1395 quoquc

256 1430 442 1498 dominicum
464 1430 498 1495 in
520 1449 615 1494 unum
638 1428 716 1494 ovile
739 1427 951 1512 redigendum
975 1428 1021 1493 nil
1042 1429 1125 1494 onim
1148 1427 1231 1493 cordi
1253 1429 1358 1494 noslro
1378 1428 1413 1492 ab
1430 1427 1481 1491 iue-

255 1548 329 1614 untc
354 1547 434 1611 etate
466 1544 567 1629 magis
596 1543 731 1609 inberuit
752 1561 845 1628 quam
868 1544 903 1609 ut
925 1544 990 1610 Deo
1019 1543 1174 1627 imprimis
1205 1543 1314 1610 deinde
1343 1543 1484 1609 christiane

255 1661 407 1745 republice
430 1659 603 1725 satisfacere
625 1677 793 1743 possemus,
816 1658 895 1724 unde
916 1659 945 1724 is
967 1660 1020 1743 qui
1043 1660 1194 1725 scrutator
1216 1661 1265 1724 est
1286 1657 1425 1737 cordium,
1443 1656 1483 1739 qui

256 1777 390 1844 mentem
420 1777 557 1841 nostram
587 1775 672 1841 novit
701 1776 733 1839 et
754 1774 834 1840 nibil
856 1775 985 1858 ignorat,
1017 1795 1071 1841 sue
1100 1774 1224 1858 pietatis
1254 1775 1374 1840 occulos
1394 1774 1423 1839 iu
1441 1789 1483 1837 uos

255 1893 441 1970 convertens,
463 1889 684 1974 impedimenta
706 1909 741 1955 ac
756 1889 937 1957 offendicula
958 1891 1070 1974 quibus
1088 1889 1148 1956 iter
1170 1889 1254 1974 pacis
1268 1889 1485 1974 praeludebatur‚

255 2006 418 2086 submovit,
441 2006 642 2089 caliginosam
658 2007 770 2072 nubem
786 2005 925 2072 veritatis
948 2005 1091 2071 notitiam
1106 2006 1341 2074 obumbrantem
1358 2003 1486 2072 claritatis

255 2142 309 2189 sue
336 2122 452 2188 lumine
474 2121 620 2187 abstersit
641 2140 824 2204 gressusque
847 2124 966 2188 nostros
988 2121 1022 2187 in
1045 2121 1189 2188 semitam
1210 2123 1326 2188 rectam
1349 2117 1485 2204 dispcsmt

253 2237 319 2305 Nec
342 2239 380 2304 ab
403 2256 436 2302 ro
458 2256 485 2303 v.
502 2257 525 2303 s.
549 2236 722 2320 prophetico
745 2237 877 2320 quodam
900 2237 1008 2320 spiritu
1025 2237 1195 2321 predixerat
1215 2237 1322 2304 foedus
1345 2235 1486 2302 illudcum

253 2355 345 2421 Gallo
367 2371 544 2437 percussum
559 2353 696 2418 comunis
720 2353 802 2436 pacis
826 2353 996 2436 auspicium
1018 2352 1097 2428 form
1120 2351 1230 2419 (labus
1252 2353 1337 2420 enim
1359 2371 1393 2419 eo
1407 2353 1487 2417 fretus

251 2469 458 2546 fundamento,
488 2468 603 2534 viribus
633 2469 756 2548 nestris,
787 2468 1057 2548 machinabatur,
1086 2469 1257 2548 diminutis,
1288 2447 1379 2552 seque
1407 2467 1488 2532 multo

252 2585 436 2670 superiorem
451 2587 571 2669 putans,
595 2584 735 2663 vincitur,
751 2583 935 2669 invitusque,
958 2585 998 2650 ad
1012 2603 1105 2669 equas
1120 2585 1204 2668 pacis
1227 2583 1415 2650 conditiones
1434 2585 1487 2646 tm·

253 2701 344 2766 hitur.
391 2697 477 2780 Quod
500 2701 638 2783 superest
661 2719 684 2766 s.
701 2719 728 2766 v.
752 2701 859 2765 nuntio
882 2702 913 2766 ct
929 2701 1018 2766 verbo
1041 2702 1072 2767 et
1094 2700 1206 2784 scripto
1230 2699 1446 2783 respondimus,
1464 2705 1489 2758 ot

252 2816 384 2900 amplius
407 2835 461 2899 per
482 2817 615 2882 oratores
637 2818 757 2882 nostros
778 2835 804 2880 v.
828 2835 851 2880 s.
874 2816 1064 2882 referendum
1086 2815 1358 2900 explicandumque
1380 2810 1488 2880 murisi-

252 2952 331 3012 mus,
353 2931 464 3016 quibus
487 2931 592 2998 eadem
617 2947 667 2997 ao⁸
696 2931 787 2996 fidem
800 2932 946 3014 ,prestare
969 2930 1155 3016 dignibatur‚
1184 2949 1277 3015 quam
1300 2931 1354 2996 diu
1377 2928 1489 2996 feliciter

251 3048 351 3114 virere
374 3050 429 3114 ote.

339 3164 454 3230 Datum
478 3164 510 3230 in
537 3164 646 3248 oppido
677 3163 780 3246 nostro
802 3163 959 3229 Maioretti
988 3161 1037 3230 die
1059 3162 1114 3230 iiii
1145 3161 1261 3228 mensis
1284 3161 1401 3247 Aprilis
1421 3175 1489 3226 anno

249 3279 374 3346 Domini
396 3279 515 3346 mdrrv.
560 3280 735 3364 Regnorum
752 3282 924 3346 nostrorum
946 3279 1079 3345 Romani
1101 3281 1193 3357 serto,
1216 3280 1248 3344 et
1269 3279 1354 3345 alior.
1377 3276 1489 3343 decimo.

338 3395 465 3462 Carolus
488 3397 543 3462 etc.
1279 3393 1412 3461 Oberlea.

853 3509 1000 3578 Mandata
1022 3508 1169 3578 Caesaris.
1215 3509 1271 3577 Pb
1295 3509 1412 3577 mala

840 3771 913 3839 255.

621 3937 773 3999 carolus
795 3939 836 3999 v.
859 3938 1032 3998 Clementi
1054 3938 1128 4000 vn.

687 4047 774 4136 (Litt.
798 4047 893 4132 princ.
913 4049 969 4115 HL
992 4047 1057 4134 77).

721 4163 764 4252 (6.
779 4164 897 4250 Aprilis
915 4163 1025 4252 1525).

334 4325 381 4389 De
402 4325 433 4388 la
456 4325 601 4391 voluntad
622 4344 642 4410 y
665 4324 754 4391 (lesco
778 4344 836 4410 que
859 4325 990 4410 siempre
1012 4325 1157 4393 baremoa
1178 4325 1283 4393 teuido
1305 4325 1342 4394 de
1365 4321 1493 4407 emplear

245 4439 350 4501 nostra
371 4457 499 4521 persona
521 4459 540 4523 y
563 4441 680 4523 fuerqas
704 4443 809 4508 contm
831 4443 878 4508 les
901 4442 1059 4526 enemigos
1082 4443 1118 4508 ds
1140 4446 1245 4509 uestra
1269 4443 1374 4510 sancta
1396 4440 1426 4504 le
1443 4453 1494 4502 uos
