3192 4930
755 309 967 372 -6-'

228 503 287 570 tibi
309 503 432 570 creditis
455 503 615 580 iustitiam,
639 505 670 568 et
691 504 724 569 in
743 503 936 587 amplissima
957 503 1108 587 potestate
1130 504 1196 588 pari
1212 505 1374 571 clementia
1396 506 1475 570 tem·

228 620 361 705 peranda
374 619 622 699 moderationem,
637 620 669 684 et
683 618 867 684 christianae
881 617 1038 702 religionis
1054 619 1208 703 integram
1223 639 1331 704 puram
1345 621 1475 686 inviola-

228 737 352 818 tamque
374 735 608 814 observantiam,
631 735 664 799 in
679 735 779 800 Deum
802 753 920 818 quoque
941 734 1091 819 ipsamet
1113 736 1216 800 omnia
1239 753 1315 820 quae
1329 735 1387 801 Dei
1406 736 1477 800 sunt

228 851 441 916 admirabilem
465 869 583 916 sumere
597 851 744 934 pietatem
758 850 953 933 respicimus:
976 869 1046 915 oum
1060 849 1265 935 intelligimus
1280 855 1312 916 et
1326 852 1476 916 cernimus

229 967 378 1051 quantum
406 967 546 1033 inbelle
575 966 712 1032 consiliis
741 967 772 1030 et
794 965 907 1031 virtute
935 966 1059 1049 polleas,
1092 967 1125 1031 in
1146 985 1221 1050 pace
1249 968 1285 1032 ut
1313 968 1416 1032 omnia
1439 965 1476 1030 ad

228 1082 419 1149 subditorum
442 1082 573 1148 salutem
596 1081 756 1165 dirigenda
777 1083 875 1164 putes,
908 1082 1164 1165 quemadmodum
1193 1083 1227 1147 in
1248 1102 1345 1148 unum
1367 1101 1474 1167 prope·

224 1197 352 1264 ‘modum
388 1217 496 1283 regum
526 1198 663 1264 omnium
695 1196 833 1263 maudita
869 1197 1001 1280 quadam
1032 1198 1244 1282 magnitudine
1273 1199 1390 1283 ingenii
1419 1199 1475 1263 duo

227 1312 347 1380 diversa
370 1314 472 1379 studia
494 1313 527 1378 in
549 1333 644 1378 unum
667 1313 827 1378 coniuncta
848 1313 972 1391 habeas,
995 1313 1027 1377 et
1049 1313 1129 1396 quod
1150 1314 1184 1378 in
1206 1313 1344 1396 doctrina
1367 1333 1401 1378 ac
1425 1331 1474 1378 sa·

226 1429 343 1512 pientia
363 1429 497 1512 positam
519 1429 653 1513 quietem
676 1429 707 1494 et
738 1428 921 1494 suavitatem
943 1427 1119 1494 huiusmodi
1149 1428 1424 1514 contemplationis,
1446 1431 1476 1494 et

227 1545 306 1629 quod
334 1545 368 1609 in
396 1545 532 1611 tumultu
569 1544 798 1627 actionibusque
834 1543 976 1609 civilibus
1006 1545 1159 1627 agitatum
1191 1564 1296 1610 curam
1327 1545 1475 1628 suscipias

225 1660 362 1740 rationis,
384 1661 418 1725 in
440 1662 566 1743 utroque
589 1679 658 1725 vero
680 1678 776 1742 usque
798 1659 873 1724 adeo
895 1659 1024 1724 excellas
1048 1662 1083 1725 ut
1105 1661 1204 1744 possis
1221 1680 1291 1726 cum
1312 1660 1352 1726 iis
1376 1660 1475 1744 quiin

226 1775 358 1860 singulis
373 1775 568 1841 elaborarunt
588 1774 732 1840 maximis
748 1775 778 1839 et
800 1773 1048 1858 pmdentissimis
1070 1775 1259 1859 principibus
1274 1775 1474 1861 aequiparari:

225 1892 300 1957 haec
322 1891 481 1976 inquibus
504 1890 542 1955 de
563 1891 680 1956 tecum
702 1889 873 1973 cogitamus
896 1890 927 1956 et
945 1891 1148 1973 agnoscimus,
1172 1910 1294 1957 omnem
1307 1893 1475 1957 humanam

225 2007 349 2073 laudem
371 2009 425 2072 tua
446 2005 619 2072 incredibili
634 2005 746 2070 virtute
761 2004 935 2072 inferiorem
959 2007 1131 2071 statuamus
1146 2026 1268 2073 necesse
1291 2008 1346 2072 est.
1376 2006 1475 2088 htque

225 2124 299 2190 haec
314 2123 400 2188 tanto
415 2122 449 2187 in
464 2122 495 2187 te
509 2121 731 2205 praestantiora
750 2119 1034 2205 admirabilioraque
1050 2123 1130 2200 sunt,
1147 2121 1226 2206 quod
1241 2123 1327 2186 nulla
1341 2139 1475 2204 unquam

226 2239 347 2322 querela
361 2238 483 2316 violata,
498 2237 584 2303 nulla
606 2235 843 2302 commutatione
857 2235 1025 2302 voluntatis
1040 2235 1163 2302 fuemnt
1177 2237 1356 2320 interrupta,
1379 2253 1475 2318 neque

224 2372 295 2419 vero
310 2354 364 2418 aut
384 2354 521 2437 privatae
543 2351 721 2436 cupiditatis
743 2369 833 2418 causa
850 2351 1011 2429 simulats3
1034 2354 1087 2417 aut
1101 2353 1241 2436 populari
1263 2353 1379 2437 gloriae
1393 2350 1474 2428 data,

225 2469 278 2536 sed
311 2487 383 2534 vera
411 2469 442 2534 et
468 2468 643 2550 incorrupta
670 2467 769 2532 virtus
798 2487 854 2532 nec
881 2468 1053 2551 praemium
1080 2467 1164 2533 aliud
1192 2468 1353 2552 requisivit
1381 2485 1473 2550 quam

224 2584 422 2668 semetipsam
445 2585 476 2649 et
490 2583 646 2649 theatrum
668 2583 793 2650 unicum
815 2601 887 2652 suae
902 2583 1017 2669 gloriae
1039 2585 1136 2650 voluit
1158 2603 1224 2650 esse
1240 2585 1349 2662 Deum,
1371 2583 1474 2665 itaque

224 2701 257 2766 in
279 2699 393 2765 divims
415 2699 503 2764 firme
525 2717 646 2766 versare
676 2699 765 2765 rebus
787 2698 960 2766 incredibili
990 2699 1120 2783 quodam
1149 2700 1239 2767 rnodo
1266 2702 1297 2766 et
1319 2697 1475 2766 communi

224 2816 351 2882 naturae
372 2813 556 2899 repugnanti
579 2814 787 2880 celebritatem
810 2817 948 2880 assecuta
971 2817 1026 2881 est.
1060 2815 1144 2881 Nam
1166 2835 1236 2881 oum
1258 2815 1333 2881 belli
1354 2815 1474 2881 labores

223 2931 254 2996 et
276 2929 410 3014 pericula
432 2930 470 2995 ob
486 2949 537 2994 sas
560 2948 668 2996 causas
684 2929 888 3013 suscipiantur
902 2931 938 2996 ut
960 2932 1014 2995 aut
1035 2931 1113 2996 ultio
1134 2931 1263 2998 miuriam
1278 2931 1317 2996 ab
1332 2928 1474 2995 hostibus

223 3046 386 3130 repetatur,
409 3047 463 3110 aut
477 3045 547 3130 plus
562 3044 695 3111 habendi
710 3045 861 3130 cupiditas
877 3047 1040 3130 expleatur,
1062 3048 1097 3112 tu
1112 3048 1197 3113 nulla
1211 3047 1356 3131 privatim
1370 3046 1474 3110 laesus

221 3161 335 3228 iniuria
357 3161 473 3227 nullius
488 3160 533 3226 rei
548 3161 664 3226 alienae
679 3162 833 3246 appatens,
849 3162 902 3227 ubi
924 3162 1057 3246 primum
1074 3163 1198 3229 sensisti
1216 3164 1353 3229 sanctam
1370 3160 1473 3226 sedem

222 3276 421 3361 apostolicam
444 3278 475 3341 et
497 3276 734 3342 ecclesiasticam
755 3277 932 3343 libertatern
953 3277 1054 3342 vocari
1074 3279 1108 3342 in
1130 3278 1302 3356 discrimen,
1324 3279 1474 3360 tanquam

221 3393 291 3479 pius
313 3395 396 3460 filius
411 3394 522 3459 matris
537 3395 624 3458 tuam
638 3393 831 3478 implorantis
847 3413 943 3478 opem,
958 3413 1019 3459 non
1037 3394 1193 3472 excitatus,
1208 3395 1324 3460 bellum
1348 3390 1474 3458 difficile

221 3512 312 3594 atque
345 3508 474 3575 arduum
511 3507 687 3593 suscepisti,
722 3509 867 3594 tuamque
902 3509 1202 3593 praestantissimam
1231 3509 1376 3574 virtatem
1406 3505 1473 3572 suis

220 3625 379 3692 affectibus
402 3625 564 3710 placatam,
592 3623 723 3690 liberam
745 3624 863 3704 alienis,
892 3643 996 3691 veram
1024 3627 1057 3691 et
1088 3625 1258 3691 animosam
1289 3621 1473 3709 praebuisti:

221 3740 328 3807 deinde
351 3759 421 3808 vero
444 3760 514 3805 cum
536 3740 739 3807 reconciliatis
762 3740 874 3806 animis
897 3759 1001 3806 eorum
1024 3742 1076 3825 qui
1099 3739 1170 3807 Sedi
1188 3740 1285 3824 Apes,
1309 3741 1372 3806 vim
1394 3739 1471 3803 affe·

218 3857 328 3923 rebant
349 3855 502 3940 expediret
517 3855 700 3922 christianae
715 3855 898 3939 reipublicae
916 3875 1001 3921 arma
1017 3857 1128 3941 ubique
1143 3857 1222 3939 poni,
1246 3858 1280 3921 tu
1296 3873 1472 3940 quanquam

218 3973 316 4040 victor
337 3973 369 4038 at
383 3971 416 4038 in
431 3972 566 4039 hostium
590 3989 663 4056 agro
678 3971 817 4054 pluribus
833 3991 937 4037 eorum
952 3971 1015 4035 iam
1032 3971 1157 4036 urbibus
1174 3971 1353 4055 expugnatis
1368 3971 1473 4036 castra

219 4088 345 4168 habens,
369 4088 402 4155 in
424 4087 660 4172 obtemperando
682 4087 749 4153 tum
772 4086 910 4170 publicae
933 4087 1063 4153 utilitati
1084 4086 1210 4152 voluisti
1231 4105 1298 4152 esse
1320 4087 1472 4171 princeps,

218 4222 314 4287 neque
337 4223 423 4270 arma
446 4204 553 4282 solum,
575 4203 609 4268 id
631 4203 712 4289 quod
735 4203 789 4268 alii
811 4221 929 4287 quoque
950 4204 1085 4286 egerunt,
1111 4202 1164 4268 sed
1186 4203 1345 4267 victoriam
1368 4202 1470 4285 ipsam

218 4316 374 4398 dimisisti,
396 4318 488 4403 longe
510 4317 657 4384 maiorem
680 4319 712 4384 et
734 4317 914 4384 diviniorem
932 4318 1092 4383 victoriam
1115 4321 1237 4394 nactus;
1260 4317 1363 4384 vicisti
1385 4317 1469 4382 enim

218 4433 306 4498 tuum
329 4433 466 4498 animum
489 4433 542 4517 qni
565 4435 733 4500 ceterorum
762 4433 900 4502 omnium
922 4434 1073 4517 potuisset
1098 4451 1165 4502 esse
1188 4433 1297 4500 ustor:
1329 4433 1373 4512 ita
1395 4451 1469 4508 eum
