3258 4904
788 307 1033 376 ..480-

285 503 388 569 notam
411 500 603 570 thelonenses
618 523 731 584 muros,
754 506 786 570 et
807 523 913 572 omues
927 506 1031 588 portos
1047 503 1182 570 civitatis
1204 505 1237 571 et
1250 498 1396 589 quidquid
1408 503 1514 571 molesia

285 619 527 686 ltavennatensis
542 620 635 685 babet
649 619 682 685 in
697 621 836 686 exarcatu
852 620 1022 700 Ravennae,
1041 621 1072 685 et
1087 617 1281 686 Comaclense
1295 620 1512 698 comitaturum

286 733 449 800 bonoribus
467 736 499 800 et
519 735 711 818 pertinentiis
743 735 1017 820 suiscomitatum
1048 734 1130 801 idest
1152 735 1253 821 ipsam
1275 735 1440 820 Argentum
1458 753 1514 800 cunr
1598 714 1604 845 Ι

286 848 363 933 pado
392 849 467 934 ripis
488 849 659 933 paludibus
689 851 720 916 et
748 850 888 934 piscariis
911 851 984 931 suis,
1007 851 1162 930 centralis
1191 851 1259 932 viis,
1282 852 1412 936 pascuis,
1438 849 1519 928 silvia
1600 850 1606 930 ¹,

286 964 461 1048 publicariis
483 965 641 1044 universis,
664 966 695 1032 et
717 984 787 1031 cum
809 966 928 1050 integro
951 966 1099 1032 comitatu
1121 967 1275 1051 Argentea
1297 968 1330 1032 et
1353 967 1470 1050 reliqna

265 1157 272 1167 .
376 1079 414 1146 In
435 1079 496 1146 fine
519 1080 605 1146 cuius
619 1080 774 1165 privilegii
796 1081 910 1166 legitur
926 1083 1065 1160 ,cunctis
1088 1083 1191 1148 autom
1207 1081 1307 1147 eidem
1322 1082 1388 1148 loco
1403 1100 1454 1147 sua
1465 1081 1523 1144 iura

287 1195 479 1262 servantibus
502 1196 544 1261 sit
566 1214 624 1277 pax
639 1195 756 1262 domini
777 1198 875 1264 nostri
890 1196 964 1263 Jesu
981 1195 1097 1264 Christi
1118 1199 1267 1281 quatenus
1286 1199 1318 1263 et
1339 1195 1392 1262 bic
1406 1195 1522 1261 metum

288 1311 383 1376 bonae
406 1309 534 1377 actionis
556 1311 725 1395 percipiant
747 1314 778 1378 et
800 1312 880 1397 apud
899 1312 1074 1379 districtum
1096 1299 1227 1380 iudicem
1250 1313 1388 1396 praemia
1402 1313 1522 1376 aetarnae

287 1426 371 1510 pacis
393 1425 551 1492 inveniant
568 1433 687 1493 amen‘

635 1637 827 1698 Concessio
850 1638 967 1699 castri
990 1639 1194 1699 Britonoril.

378 1772 548 1840 Alexander
569 1773 727 1858 episcopus
751 1792 854 1840 servus
879 1793 1034 1842 servorum
1048 1775 1107 1842 Dei
1129 1774 1294 1841 venerabili
1318 1773 1408 1840 fratri
1423 1771 1457 1840 G.
1471 1773 1526 1868 Βῆ·

290 1889 468 1956 vennatensi
483 1888 707 1974 archiepiscopo
722 1890 753 1956 et
768 1889 889 1957 dilectis
904 1889 978 1956 filiis
994 1889 1213 1970 archidiacono,
1235 1891 1389 1975 preposito
1404 1892 1435 1956 et
1448 1889 1529 1954 choro

290 2005 516 2073 Βῆῆῆιιῆῆῆῆιιῆὶ
531 2005 661 2071 salutem
685 2007 717 2070 et
739 2004 937 2089 apostolicam
954 2005 1202 2073 benedictionem.
1240 2005 1392 2073 Nouimus
1407 2009 1438 2072 et
1451 2007 1528 2072 tone·

291 2139 360 2186 mus
375 2140 411 2187 ex
425 2119 597 2205 privilegiis
612 2119 701 2188 nobis
716 2122 994 2205 representantibus
1010 2121 1159 2207 quomodo
1174 2121 1297 2207 quidam
1314 2122 1530 2207 predecessores

290 2237 388 2303 nostri
418 2235 562 2304 ecelesiae
585 2236 702 2302 roobec
732 2238 905 2303 exarcatum
928 2239 959 2304 et
981 2237 1125 2304 ducatum
1148 2239 1311 2304 Ravennae
1341 2237 1485 2304 dederunt
1504 2237 1531 2300 et

176 2377 178 2380 ·
290 2351 425 2436 plerique
439 2351 724 2436 aliipredeeessoras
740 2352 846 2432 nostri
863 2352 969 2437 quieis
983 2352 1338 2438 successemntipsorum
1348 2351 1531 2420 donationem

291 2467 462 2553 privilegiis
484 2468 710 2548 confirmarunt,
731 2467 813 2534 unde
835 2467 906 2553 quia
928 2470 1062 2535 metrum
1084 2470 1116 2536 et
1137 2469 1301 2536 comitatus
1324 2468 1361 2534 de
1376 2464 1532 2533 Britionrio

291 2584 372 2650 inira
393 2583 522 2650 eundern
545 2584 719 2651 exarcatum
734 2584 899 2651 consistere
915 2584 1027 2651 dicitur
1042 2584 1122 2651 sicut
1144 2586 1268 2670 apparet
1287 2603 1323 2650 ex
1345 2581 1474 2668 publicis
1487 2580 1531 2646 in·

292 2699 481 2794 strumentis
503 2719 558 2765 nos
574 2699 721 2766 fervorem
737 2699 915 2782 devotionis,
937 2719 1029 2786 quam
1052 2701 1179 2767 ecclesia
1198 2702 1229 2767 et
1243 2700 1354 2766 ciritae
1377 2752 1383 2766 .
1406 2750 1413 2766 .
1436 2749 1444 2766 .
1466 2747 1474 2765 .

381 2813 511 2899 Reliqua
532 2814 650 2881 desunt.

382 3045 427 3113 lix
435 3045 514 3113 libro
523 3063 636 3130 magno
644 3045 840 3112 conciliorum
850 3047 972 3114 sanctae
986 3047 1229 3114 Ravennatensis
1237 3045 1390 3124 ecclesiae,
1399 3045 1450 3130 qui
1464 3044 1533 3110 liber

294 3163 432 3228 servatur
453 3162 487 3227 in
509 3161 671 3228 biblioteca
694 3159 828 3228 eiusdem
852 3162 995 3228 ecclesiae
1017 3162 1050 3227 in
1073 3163 1260 3229 membranis
1283 3161 1389 3245 magni
1411 3160 1533 3242 corporis

295 3280 326 3345 et
348 3277 513 3345 voluminis
536 3277 690 3360 miraeque
709 3278 873 3343 vetustatis
896 3278 1028 3362 ecapite
1043 3277 1128 3344 cuius
1150 3277 1259 3362 incipit
1281 3294 1425 3342 numerus
1446 3271 1533 3339 xxxin.

297 3393 397 3472 ,Ibem
413 3392 548 3459 eiusdem
565 3392 604 3457 ad
613 3391 819 3458 Alexandrum
828 3392 1077 3460 Anthiochenum
1092 3395 1266 3479 episcopum
1284 3392 1322 3459 de
1336 3397 1428 3476 paee·
1444 3388 1533 3455 litoris

295 3509 405 3589 rubris,
428 3510 459 3576 et
481 3508 579 3592 nigris
602 3509 718 3593 etpost
740 3509 869 3592 quatuor
891 3511 990 3574 cadas
1013 3509 1122 3594 incipit
1142 3509 1242 3575 literis
1259 3508 1360 3574 rubris
1375 3508 1431 3573 hoc
1444 3502 1532 3580 modo,

161 3617 165 3626 ’
298 3625 374 3704 ¹‚bec
396 3624 525 3690 babetur
547 3623 676 3707 prefatio
693 3622 846 3691 Cresconii
861 3623 898 3690 de
913 3625 1071 3690 concordia
1093 3643 1243 3692 canonum
1251 3629 1274 3703 ⁸,
1297 3623 1374 3688 item
1389 3617 1534 3688 concordia

296 3758 455 3822 canonum,
477 3740 554 3806 item
576 3739 733 3807 concordia
749 3757 898 3806 canonum
914 3740 1118 3806 conciliorum.
1142 3737 1258 3806 Deinde
1281 3738 1446 3822 sequuntur
1467 3733 1535 3799 duae

296 3856 434 3941 paginae,
457 3875 527 3922 cum
541 3855 729 3940 imaginibus
745 3853 903 3921 duodecim
919 3855 1124 3939 apostolorum
1140 3855 1217 3922 mire
1232 3854 1368 3939 picturae
1383 3854 1414 3920 et
1427 3870 1444 3917 a
1457 3851 1534 3932 tergo

297 3972 387 4038 unius
402 3971 533 4056 paginae
554 3957 653 4037 literis
668 3971 887 4037 robustissimis
911 3971 1024 4055 scripta
1039 3970 1190 4037 habentur
1213 3969 1337 4036 sinodus
1352 3964 1533 4054 pmrincielis

297 4087 426 4154 Amaldi
448 4087 666 4172 archiepiscopi
688 4087 938 4166 Ravennatensis
961 4104 1038 4172 quae
1052 4085 1165 4170 pagina
1179 4085 1289 4170 incipit
1312 4085 1470 4169 ‚perpetuo
1489 4097 1532 4144 re-

298 4205 412 4288 gnante
433 4203 566 4271 Domino
588 4205 692 4271 nostro
714 4202 789 4270 Jesu
805 4200 926 4269 Christo
949 4202 1084 4286 tempore
1106 4201 1150 4286 pii
1172 4199 1311 4267 Caesaris
1327 4198 1448 4266 Ottonis
1462 4191 1534 4262 tertii

300 4319 332 4383 in
354 4337 433 4384 anno
450 4319 578 4385 secundo
593 4319 715 4402 imperii
737 4318 802 4385 eius
818 4319 856 4384 ri
872 4317 1036 4385 indictione
1056 4317 1112 4383 sub
1127 4315 1263 4401 imagine
1278 4313 1445 4382 surnaria
1466 4309 1532 4377 uua

301 4431 405 4498 valvae
435 4433 564 4496 maiores
592 4431 734 4499 ecclesiae
763 4433 945 4499 Ravennae‘
976 4451 1036 4518 qua
1065 4431 1291 4498 demonstratur
1320 4429 1529 4517 promulgatum
