3128 4908
184 425 197 449 ''
229 441 402 510 casicnihus
433 458 534 507 rerum
556 456 649 525 quam
673 455 761 507 suam
783 435 924 522 apposuit
945 433 984 503 ad
1012 433 1177 522 placandas
1199 453 1248 503 ros
1270 433 1470 503 auctoritatem

1557 29 1559 118 t

737 241 981 312 -sou-

230 577 299 625 oum
321 557 397 624 uelit
425 553 548 622 laudem
571 558 602 621 et
624 553 715 620 decus
736 553 886 639 perfectae
908 552 953 618 rei
974 551 1107 637 optimae
1136 551 1286 630 obtinere,
1309 550 1471 635 uscunque
1558 573 1559 636 3

119 755 123 766 Ι
230 677 297 740 tum
320 670 401 758 apud
424 669 585 738 Caesarem
615 671 682 736 tum
705 668 785 754 apud
807 668 885 735 alios
907 685 1013 734 omnes
1042 668 1153 752 quibus
1182 669 1235 732 tua
1257 661 1399 734 uoluntas
1425 684 1471 750 pro
1557 669 1559 762 t

231 787 433 873 amplitudine
462 788 494 853 et
522 784 656 852 nominis
679 786 711 851 et
732 784 856 851 uidetis
878 785 948 850 tuae
970 783 1154 868 grauissima
1183 783 1239 862 est,
1261 783 1298 848 ut
1320 779 1472 868 aliquando
1558 773 1559 828 t

230 902 355 971 tandem
379 903 492 968 misera
521 903 553 967 et
575 899 689 967 afflictu
713 899 924 967 christianitas
954 919 989 966 cx
1012 899 1108 967 tantis
1138 897 1277 965 cladibus
1299 899 1333 965 et
1354 897 1473 964 calami-
1558 945 1559 960 r

230 1019 347 1086 tatibus
370 1037 446 1103 quas
469 1035 612 1102 perpessa
634 1019 682 1084 est
704 1017 862 1082 recreetur.
908 1013 995 1097 Quod
1017 1014 1140 1100 quidem
1162 1032 1267 1081 omnes
1289 1014 1356 1081 hm
1371 1030 1475 1098 magno

231 1137 352 1202 auctore
373 1133 485 1201 moniti
507 1151 541 1199 eo
557 1131 727 1199 accuratius
750 1131 871 1212 ludent,
893 1149 952 1217 quo
966 1131 1172 1198 intellexerint
1192 1129 1334 1197 cumdem
1357 1131 1388 1195 ta
1410 1148 1474 1194 sna·

232 1268 332 1318 sorem
346 1249 439 1335 pecie,
463 1247 491 1315 si
506 1267 592 1314 arma
608 1249 730 1332 sumpta
745 1246 866 1326 herim,
888 1247 965 1313 iuris
981 1247 1075 1339 etium
1092 1247 1123 1314 et
1146 1245 1310 1331 aequitatis
1334 1245 1475 1312 arbitrum

231 1366 294 1433 fore
317 1368 349 1432 ot
370 1363 510 1432 iudicem.
555 1363 601 1430 De
625 1363 674 1430 his
691 1363 783 1430 scribi
806 1362 1019 1430 mandavimus
1035 1363 1074 1429 ad
1095 1361 1148 1430 dil
1171 1361 1271 1429 hlium
1287 1359 1474 1428 Melchioron

233 1483 374 1566 Langum
402 1479 548 1547 nuncium
578 1481 718 1546 ncstmm
750 1481 783 1545 ut
804 1481 905 1545 mcum
928 1483 1032 1546 nostro
1061 1478 1183 1545 nomine
1205 1477 1287 1562 egat,
1315 1477 1366 1542 cui
1389 1483 1474 1542 ser.m

232 1599 286 1662 tus
316 1594 409 1662 tidem
437 1595 573 1662 habebit
625 1595 740 1660 Datum
770 1595 885 1662 Rerum
914 1595 970 1660 etc
999 1593 1049 1660 die
1078 1594 1135 1659 rix.
1166 1591 1343 1659 Decembris
1366 1591 1473 1658 mdnu.

232 1713 321 1777 Anno
344 1709 443 1777 tertio.

827 1970 900 2036 156.

576 2137 682 2197 Matri
704 2139 811 2210 Regis
834 2135 1136 2198 Gturtsttanlsstml.

325 2291 445 2358 Dilecta
466 2290 500 2357 in
523 2289 645 2357 Christe
666 2290 739 2357 tilia.
785 2291 915 2357 Nostros
938 2293 1097 2376 perpetuos
1120 2291 1217 2357 animi
1238 2292 1367 2372 labores,
1396 2289 1473 2357 solli·

235 2407 444 2492 citudinesque
467 2425 527 2488 eas,
551 2426 626 2492 quas
641 2425 696 2492 pro
719 2407 834 2474 afflicta
856 2409 888 2472 et
909 2406 1021 2473 misera
1040 2407 1264 2474 christianitata
1287 2406 1475 2492 aliquandou

234 2524 331 2590 tantis
353 2522 582 2590 calamitatibus
604 2522 761 2588 liberanda
785 2522 977 2607 suscipimus,
1006 2543 1066 2590 non
1095 2524 1273 2590 desistimus
1303 2524 1476 2598 continuare,
1557 2537 1558 2568 t

234 2639 376 2724 omnique
399 2638 500 2706 studio
523 2637 590 2719 niti
612 2640 648 2704 ut
662 2639 795 2705 multum
817 2640 986 2723 perniciosa
1008 2642 1040 2707 et
1053 2639 1198 2706 diuturna
1219 2659 1305 2706 arma
1328 2641 1367 2708 ad
1381 2657 1475 2724 paosnr

234 2754 397 2840 aliquando
419 2757 451 2822 ot
466 2754 723 2839 tranquillitatem
738 2757 958 2822 convertamus.
1003 2755 1138 2842 Cumque
1153 2774 1210 2840 pax
1225 2773 1297 2821 sera
1312 2774 1374 2822 non
1390 2753 1475 2840 possit

234 2870 341 2937 conhci
363 2869 426 2937 nisi
448 2871 479 2936 et
501 2889 549 2936 res
572 2870 682 2938 Italiac
706 2870 829 2937 mdatae
851 2871 965 2938 iusdnt
986 2873 1019 2938 et
1040 2871 1215 2938 charissimi
1236 2871 1270 2937 in
1292 2869 1407 2938 Christi
1426 2867 1476 2935 dlii
1556 2929 1557 2936 ,

235 2987 332 3052 nostri
348 2985 430 3072 regis
445 2986 697 3054 christianissimi
713 2987 780 3053 nati
795 2987 842 3053 tui
857 2987 983 3054 libertas
999 2989 1207 3072 consequatur,
1229 2989 1392 3075 utrumque
1406 2982 1475 3072 apud

234 3100 394 3169 Caesarem
416 3102 505 3169 nohis
521 3102 713 3168 tractandum
737 3103 934 3186 suscepimus,
958 3123 1043 3188 spem
1057 3101 1275 3189 propemodum
1297 3105 1411 3169 certam
1426 3102 1475 3168 hr-

234 3218 341 3286 bcntes
362 3217 396 3284 in
411 3218 544 3285 Domino
559 3216 623 3284 Doo
646 3220 677 3283 et
699 3217 732 3284 in
753 3217 851 3303 ipsius
869 3219 1006 3285 bonihte
1021 3216 1167 3298 Caesaris,
1189 3218 1275 3285 cuius
1290 3219 1385 3286 etiam
1400 3235 1476 3284 mens

236 3333 274 3400 ad
297 3334 381 3419 pacis
405 3333 506 3400 studia
529 3353 678 3418 propensa
701 3332 820 3401 videtur
842 3353 917 3416 csse,
939 3336 1101 3421 utrumque
1124 3335 1212 3401 nohis
1235 3333 1274 3400 ad
1288 3335 1393 3402 votum
1415 3351 1475 3400 suc·

234 3469 398 3517 cessurum.
450 3450 557 3535 Itaque
588 3469 657 3516 cum
686 3449 737 3515 his
769 3450 875 3517 hobus
906 3451 1023 3518 venerit
1052 3449 1091 3516 od
1122 3470 1177 3517 nos
1207 3451 1321 3516 missus
1354 3449 1476 3534 abipso

234 3562 361 3632 Caesare
391 3564 444 3631 dil.
467 3565 509 3632 hl.
533 3565 759 3632 commendator
782 3565 920 3645 Horror-a,
942 3567 1033 3632 homo
1063 3565 1143 3632 sicut
1171 3567 1327 3652 potuimus
1356 3565 1477 3632 iudicare

235 3682 266 3748 ct
304 3680 416 3765 probus
461 3684 493 3748 et
528 3680 677 3766 prudens,
721 3684 753 3748 ot
789 3682 827 3749 de
864 3683 982 3767 optima
1019 3682 1117 3767 ipsius
1154 3679 1293 3749 &esame
1332 3681 1475 3749 voluntate
1554 3715 1555 3803 p

233 3814 307 3882 erga
330 3814 522 3864 communem
545 3815 650 3882 pacem
673 3816 729 3864 nos
752 3798 893 3864 certiores
917 3797 1089 3877 reddiderit,
1112 3799 1214 3864 visum
1236 3799 1296 3864 fuit
1318 3797 1407 3866 nobis
1426 3813 1475 3863 non

234 3911 476 3998 praetermittere
506 3913 694 3980 occasionem
723 3914 810 3994 hano,
833 3915 865 3980 et
887 3913 1037 3980 sciscitari
1060 3915 1171 3980 melius
1195 3916 1329 3980 mentem
1352 3910 1476 3980 scarus

234 4029 408 4114 hortarique
430 4047 500 4096 eum
524 4031 559 4094 ut
580 4029 639 4096 Dei
661 4031 692 4095 ot
714 4029 898 4096 christianae
922 4030 993 4096 fidei
1016 4031 1047 4096 et
1070 4030 1118 4096 sui
1139 4029 1262 4096 honoris
1293 4049 1385 4096 censa
1405 4027 1475 4100 veut
1553 4057 1554 4151 p

233 4146 265 4210 et
286 4144 320 4210 in
348 4144 460 4211 ducatu
489 4144 656 4211 Mediolani
687 4145 757 4212 duci
786 4145 982 4230 relinquendo
1012 4146 1043 4211 et
1073 4145 1104 4211 in
1134 4145 1475 4226 christianissimorum

234 4260 372 4326 honestis
401 4261 625 4328 conditionibus
646 4261 813 4342 liberando,
836 4263 991 4328 consulere
1014 4261 1129 4346 gloriae
1153 4279 1224 4328 suae
1248 4263 1280 4328 ct
1303 4261 1395 4330 saluti
1414 4257 1474 4325 uni·

237 4393 338 4440 uersae
353 4357 605 4444 christianitatis
645 4373 733 4458 Quod
747 4377 842 4446 otium
856 4377 970 4444 littaris
992 4395 1087 4445 manu
1102 4379 1206 4445 nostru
1230 4377 1352 4465 proprio
1366 4375 1404 4446 ad
1416 4391 1475 4442 oum
1552 4441 1553 4501 ἢ
