3152 4902
548 201 793 268 -127-

77 399 187 483 religione
211 403 242 466 et
264 399 433 485 prudentia,
455 399 500 464 ita
523 398 700 474 sentiamus,
724 399 758 462 ut
780 395 817 460 de
839 393 987 460 catholica
1010 393 1088 460 etin
1111 393 1219 478 primis
1241 411 1294 459 en-

75 516 172 581 oellente
184 516 313 582 muliere
328 514 520 582 sentiendum
535 515 591 591 est,
609 531 701 596 quam
715 512 777 596 ipsi
792 511 906 577 scimus
922 530 980 594 quo
996 509 1118 598 ingenio
1133 511 1165 574 et
1180 509 1294 594 quanta

75 632 160 715 polleat
178 632 300 710 virtute
323 634 423 697 tecum
438 629 660 696 communicare
676 647 744 694 eam
766 646 871 692 curam
895 626 1055 704 voluimus,
1078 644 1155 711 quae
1171 643 1225 690 nos
1241 643 1295 709 pro

75 748 188 828 pestordi
212 749 317 813 nostro
331 745 430 812 officio
452 745 647 812 vehementer
661 742 781 826 premit.
828 741 985 808 Habemus
1008 741 1091 807 enim
1107 743 1177 806 ante
1193 743 1294 806 oculos

74 865 166 928 nostros
192 862 382 946 propositum
412 860 486 946 qnid
509 879 526 925 a
548 859 637 926 nobis
666 858 799 942 postulet
820 859 852 924 et
874 857 1009 941 requirat
1037 856 1102 940 ipse
1127 857 1217 933 Deus,
1247 856 1296 921 oui

75 977 117 1040 soli
134 997 256 1062 regnum
279 977 450 1041 animarum
474 975 643 1040 subiectum
666 975 721 1050 est,
745 973 855 1056 quibus
870 973 956 1037 nulle
978 975 1026 1037 est
1048 973 1218 1056 preciosior,
1241 992 1296 1037 neo

73 1093 171 1158 noioris
191 1092 384 1160 aestimanda
406 1091 566 1176 possessio,
590 1089 680 1155 huius
704 1087 791 1174 regni
808 1088 931 1154 tutandi
953 1091 984 1154 et
1006 1088 1187 1154 defendendi
1209 1089 1295 1154 lobo-

72 1227 121 1273 ren
139 1209 223 1276 nobis
237 1208 329 1274 honus
344 1227 434 1292 quem
449 1207 585 1290 gerimus
608 1204 731 1270 honoris
754 1203 871 1288 pondus
886 1204 987 1282 infert,
1011 1222 1069 1288 quo
1085 1204 1166 1270 vices
1182 1202 1298 1268 Christi

72 1327 194 1406 gerentes
217 1324 255 1390 de
286 1323 380 1388 saluti
408 1321 580 1387 animarum
610 1319 736 1387 solliciti
763 1339 831 1386 esse
860 1319 1013 1386 debemus.
1059 1318 1123 1385 Neo
1153 1319 1298 1386 desumus

71 1438 157 1517 officio,
177 1459 236 1524 qna
259 1439 381 1504 nostrae
403 1437 557 1521 pertinent
578 1437 754 1512 facultatem
778 1453 850 1501 nam
873 1437 904 1500 et
925 1435 1052 1501 oonsilio
1074 1437 1106 1500 et
1127 1435 1299 1501 hortatione

72 1556 94 1618 ot
111 1575 172 1619 oura
193 1557 224 1620 et
238 1555 375 1632 monitis,
391 1553 563 1619 errantibus
580 1552 793 1628 subvenimus3
817 1551 844 1616 si
866 1550 919 1636 qui
942 1570 1011 1616 vero
1027 1552 1099 1617 sunt
1114 1551 1298 1635 pertinacio-

71 1689 115 1746 res,
134 1673 182 1735 aut
203 1671 231 1735 si
247 1688 376 1754 quorum
399 1668 481 1734 furor
503 1668 669 1734 salutarem
684 1666 868 1734 medicinam
890 1667 1022 1750 pastoris
1038 1667 1086 1732 sui
1101 1685 1162 1732 non
1182 1667 1299 1752 recipit,

70 1785 141 1850 nolis
161 1789 207 1852 est
229 1785 270 1850 ad
292 1784 481 1869 principatus
503 1785 535 1850 et
556 1785 722 1868 potestates
746 1782 991 1867 confugiendum,
1015 1785 1045 1848 et
1068 1802 1172 1850 eorum
1194 1785 1298 1869 provi-

69 1899 155 1964 dentia
176 1902 213 1966 ad
236 1900 385 1966 auxilium
407 1899 583 1978 invocanda,
606 1901 642 1964 ut
663 1917 768 1965 eorum
783 1899 963 1964 auctoritate
986 1901 1017 1965 et
1040 1901 1132 1979 metu,
1154 1900 1206 1984 qui
1222 1900 1300 1966 aliae

68 2016 219 2099 negligunt,
235 2017 276 2082 ad
291 2015 455 2082 sanitatem
470 2015 659 2081 reducantur.
692 2015 757 2080 Hoc
772 2033 827 2080 nos
843 2014 970 2080 oonsilio
985 2015 1167 2098 requirimus
1183 2017 1298 2082 solerem
1405 2051 1407 2056 ·

70 2136 139 2196 nram
161 2137 284 2215 paterne
307 2134 397 2214 atque
419 2133 566 2210 amanter,
597 2133 631 2196 nt
652 2131 759 2198 adesse
781 2131 868 2196 nobis
891 2130 930 2196 ad
959 2131 1123 2198 iuvandam
1147 2151 1211 2198 rem
1235 2133 1301 2212 Dei,

69 2249 92 2310 et
111 2247 196 2313 fidem
219 2247 336 2314 tirristi
364 2247 594 2312 immaculatum
623 2245 859 2313 conservandam
888 2246 964 2312 lerre
987 2266 1074 2330 opem
1097 2249 1180 2328 velit,
1202 2249 1236 2314 in
1258 2249 1303 2314 eis

68 2359 129 2426 locis
150 2363 338 2446 praesertim,
360 2361 519 2445 inquibus
542 2364 623 2428 tuot
645 2361 768 2428 iubendi
783 2365 815 2428 et
830 2362 953 2428 vetandi
968 2363 1087 2430 obtines
1112 2365 1302 2448 protestatem.

68 2477 103 2538 lo
123 2479 259 2544 norimus
282 2478 405 2561 quidem
426 2477 502 2543 haec
524 2478 607 2543 mala
629 2478 705 2561 ipsa,
729 2477 788 2544 tibi
810 2478 977 2561 displicere,
1001 2479 1105 2546 sedin
1128 2480 1215 2546 tanta
1237 2481 1301 2546 vir·

66 2595 120 2655 tute
140 2597 169 2657 et
190 2596 279 2659 tanta
294 2593 444 2676 potestate
461 2595 522 2672 tna,
546 2611 606 2658 non
629 2593 728 2658 solum
744 2594 957 2676 aegreferenda
973 2597 1045 2660 sunt
1067 2615 1144 2680 quae
1158 2596 1303 2662 adversus

68 2709 182 2774 retorem
205 2729 322 2774 morem
339 2711 460 2774 sanctae
474 2709 618 2774 ecclesiae
641 2709 798 2774 tentantur
820 2711 851 2775 et
866 2710 1066 2793 proferuntur,
1089 2712 1303 2778 verumetiam

66 2821 134 2886 insta
155 2826 317 2890 sonoritate
339 2823 530 2890 vindicanda.
577 2824 689 2890 Icoinoo
713 2825 795 2890 enim
819 2826 926 2891 noeros
949 2829 1001 2892 tue
1024 2827 1176 2910 praefecte
1199 2847 1216 2892 e
1239 2828 1303 2892 Deo

66 2941 104 3001 ert
128 2939 189 3005 illis
220 2940 356 3024 populis,
379 2943 414 3005 ut
442 2939 476 3005 in
505 2941 675 3007 obedientie
705 2959 756 3006 eos
786 2941 916 3006 retineat
944 2945 976 3008 et
999 2942 1056 3008 Dei
1085 2945 1116 3008 et
1145 2944 1304 3010 maiorum.

68 3050 158 3136 Neque
181 3074 251 3120 nero
280 3058 314 3120 tu
336 3057 406 3138 post
434 3055 524 3122 illurn
547 3056 637 3135 diem,
667 3057 720 3140 qui
749 3058 900 3122 extremus
923 3059 1048 3140 paratus
1077 3061 1125 3124 est
1154 3059 1304 3135 omnibns,

66 3169 213 3253 quicquam
237 3171 314 3236 ferre
336 3171 449 3256 poteris
472 3190 507 3236 ex
530 3173 625 3237 tantis
649 3173 756 3257 opibus
786 3172 897 3255 quibus
919 3173 1057 3257 praedite
1080 3193 1158 3240 nunc
1181 3177 1213 3240 et
1235 3179 1305 3240 ente

67 3282 187 3351 tribunal
203 3288 317 3352 summi
333 3288 399 3366 Dei,
423 3287 503 3371 qnod
517 3288 619 3373 magis
634 3288 692 3354 tibi
707 3288 874 3373 patrocinio
889 3290 921 3354 et
935 3289 1110 3355 adiumento
1126 3309 1192 3356 esse
1207 3292 1305 3374 possit

67 3397 99 3461 ed
118 3399 322 3469 immortalem
345 3405 468 3469 beatem
491 3403 587 3468 vitam
610 3403 859 3488 consequendam,
882 3423 974 3488 quam
989 3423 1093 3470 curam
1116 3407 1147 3470 et
1170 3405 1303 3490 diligen·

66 3513 132 3580 tiam
153 3518 326 3583 adhibitum
348 3519 429 3584 inter
450 3521 529 3597 tuos,
558 3520 594 3584 ut
616 3519 790 3586 animamm
814 3518 906 3598 selus,
936 3538 1064 3603 quarum
1087 3521 1219 3586 manime
1243 3522 1306 3587 Deo

68 3647 127 3694 coro
147 3635 202 3712 est,
233 3633 380 3700 inviolata
408 3634 618 3714 custodiretur,
648 3637 704 3700 lroo
727 3637 775 3700 est
803 3635 959 3718 proprium
989 3635 1113 3701 virtutis
1142 3638 1220 3714 tuae,
1250 3637 1306 3702 hoo

68 3745 178 3824 pietatis
199 3751 232 3813 et
262 3751 418 3834 religionis
447 3769 540 3834 quam
571 3770 689 3834 semper
711 3769 784 3834 erga
806 3751 906 3816 Deum
935 3751 1087 3835 integram
1117 3753 1308 3836 praestitisti,

69 3861 97 3923 ut
109 3865 138 3927 et
152 3866 240 3929 uetus
263 3867 331 3930 tuoe
354 3865 454 3931 laudis
469 3866 571 3949 opinio
587 3867 667 3951 apud
681 3886 788 3932 omnes
810 3867 950 3932 homines
965 3867 1167 3946 confirmetur,
1191 3872 1222 3933 et
1238 3889 1307 3952 spes

70 3973 162 4042 beroe
184 3980 429 4047 immortalitatis
444 3982 504 4047 tibi
526 3983 606 4066 apud
623 3985 720 4048 lleum
745 3983 786 4047 sit
808 3983 997 4066 exploratior.
1037 3983 1102 4049 Nos
1125 3985 1182 4048 hec
1201 3985 1305 4050 eadem

70 4089 100 4155 de
120 4113 149 4158 re
170 4097 210 4160 ad
233 4095 286 4161 dil.
301 4096 400 4164 filium
424 4100 562 4163 nostrum
585 4097 756 4164 Erhardum
780 4098 827 4163 tit.
852 4095 902 4164 Sti
922 4096 1086 4183 Grisogoni
1106 4100 1308 4182 presbiterum

69 4208 182 4274 oerore
205 4211 402 4278 leodiensem
426 4213 588 4278 scribimus
612 4213 806 4297 iniungentea
830 4217 864 4278 ut
886 4213 1079 4298 diligentiam
1102 4217 1133 4279 et
1156 4214 1307 4280 sollicitu-

70 4320 161 4389 dinem
183 4327 265 4391 oiroa
285 4327 345 4392 ista
369 4327 521 4408 adhibeat,
544 4329 594 4394 cui
616 4331 669 4394 tona
691 4331 799 4395 nob.trs
822 4329 906 4395 ornni
921 4348 976 4414 ope
999 4332 1029 4394 el
1053 4330 1164 4396 auxilio
1181 4334 1214 4396 ut
1234 4331 1307 4398 uelit
