<?xml version="1.0" encoding="UTF-8"?>
<!DOCTYPE html PUBLIC "-//W3C//DTD XHTML 1.0 Transitional//EN"
    "http://www.w3.org/TR/xhtml1/DTD/xhtml1-transitional.dtd">
<html xmlns="http://www.w3.org/1999/xhtml" xml:lang="en" lang="en">
 <head>
  <title>
</title>
<meta http-equiv="Content-Type" content="text/html;charset=utf-8" />
  <meta name='ocr-system' content='tesseract 3.04.00' />
  <meta name='ocr-capabilities' content='ocr_page ocr_carea ocr_par ocr_line ocrx_word'/>
</head>
<body>
  <div class='ocr_page' id='page_1' title='image "./monumentasaecul00sadogoog_0303.png"; bbox 0 0 3128 4908; ppageno 0'>
   <div class='ocr_carea' id='block_1_1' title="bbox 770 293 1013 364">
    <p class='ocr_par' dir='ltr' id='par_1_1' title="bbox 770 293 1013 364">
     <span class='ocr_line' id='line_1_1' title="bbox 770 293 1013 364; baseline -0.004 -1"><span class='ocrx_word' id='word_1_1' title='bbox 770 293 1013 364; x_wconf 79' lang='lat'>-284-</span> 
     </span>
    </p>
   </div>
   <div class='ocr_carea' id='block_1_2' title="bbox 854 522 926 588">
    <p class='ocr_par' dir='ltr' id='par_1_2' title="bbox 854 522 926 588">
     <span class='ocr_line' id='line_1_2' title="bbox 854 522 926 588; baseline -0.028 -2"><span class='ocrx_word' id='word_1_2' title='bbox 854 522 926 588; x_wconf 74' lang='lat'><strong>214.</strong></span> 
     </span>
    </p>
   </div>
   <div class='ocr_carea' id='block_1_3' title="bbox 635 683 1139 1000">
    <p class='ocr_par' dir='ltr' id='par_1_3' title="bbox 635 683 1139 1000">
     <span class='ocr_line' id='line_1_3' title="bbox 635 683 1139 748; baseline 0.004 -4"><span class='ocrx_word' id='word_1_3' title='bbox 635 683 786 746; x_wconf 86' lang='lat' dir='ltr'><strong>Carolus</strong></span> <span class='ocrx_word' id='word_1_4' title='bbox 809 688 850 747; x_wconf 89' lang='lat' dir='ltr'><strong>v.</strong></span> <span class='ocrx_word' id='word_1_5' title='bbox 873 687 1045 748; x_wconf 86' lang='lat' dir='ltr'><strong>Clementi</strong></span> <span class='ocrx_word' id='word_1_6' title='bbox 1068 689 1139 748; x_wconf 83' lang='lat' dir='ltr'><strong>vu.</strong></span> 
     </span>
     <span class='ocr_line' id='line_1_4' title="bbox 674 795 1108 882; baseline 0 -20"><span class='ocrx_word' id='word_1_7' title='bbox 674 795 760 880; x_wconf 81' lang='lat' dir='ltr'><strong>(Litt.</strong></span> <span class='ocrx_word' id='word_1_8' title='bbox 775 797 947 881; x_wconf 79' lang='lat' dir='ltr'><strong>principum</strong></span> <span class='ocrx_word' id='word_1_9' title='bbox 963 798 1003 864; x_wconf 91' lang='lat'><strong>11.</strong></span> <span class='ocrx_word' id='word_1_10' title='bbox 1020 800 1108 882; x_wconf 81' lang='lat'>219).</span> 
     </span>
     <span class='ocr_line' id='line_1_5' title="bbox 749 912 1033 1000; baseline -0.004 -19"><span class='ocrx_word' id='word_1_11' title='bbox 749 912 814 996; x_wconf 82' lang='lat' dir='ltr'><strong>(lb.</strong></span> <span class='ocrx_word' id='word_1_12' title='bbox 831 912 907 980; x_wconf 90' lang='lat' dir='ltr'><strong>Maii</strong></span> <span class='ocrx_word' id='word_1_13' title='bbox 923 912 1033 1000; x_wconf 81' lang='lat'>1524).</span> 
     </span>
    </p>
   </div>
   <div class='ocr_carea' id='block_1_4' title="bbox 251 1069 1486 4170">
    <p class='ocr_par' dir='ltr' id='par_1_4' title="bbox 251 1069 1486 4170">
     <span class='ocr_line' id='line_1_6' title="bbox 351 1069 1483 1156; baseline -0.001 -18"><span class='ocrx_word' id='word_1_14' title='bbox 351 1071 534 1138; x_wconf 77' lang='lat' dir='ltr'><strong>Beatissimo</strong></span> <span class='ocrx_word' id='word_1_15' title='bbox 548 1072 635 1156; x_wconf 90' lang='lat' dir='ltr'><strong>pater</strong></span> <span class='ocrx_word' id='word_1_16' title='bbox 649 1072 771 1139; x_wconf 86' lang='lat' dir='ltr'><strong>domine</strong></span> <span class='ocrx_word' id='word_1_17' title='bbox 786 1073 1043 1142; x_wconf 80' lang='lat' dir='ltr'><strong>reverendissime.</strong></span> <span class='ocrx_word' id='word_1_18' title='bbox 1067 1075 1211 1141; x_wconf 83' lang='lat' dir='ltr'><strong>Libenter</strong></span> <span class='ocrx_word' id='word_1_19' title='bbox 1225 1093 1330 1142; x_wconf 92' lang='lat' dir='ltr'><strong>eorum</strong></span> <span class='ocrx_word' id='word_1_20' title='bbox 1345 1069 1483 1142; x_wconf 73' lang='lat' dir='ltr'><strong>commotio</strong></span> 
     </span>
     <span class='ocr_line' id='line_1_7' title="bbox 262 1186 1482 1274; baseline -0.004 -19"><span class='ocrx_word' id='word_1_21' title='bbox 262 1189 464 1270; x_wconf 82' lang='lat' dir='ltr'><strong>consulimus,</strong></span> <span class='ocrx_word' id='word_1_22' title='bbox 493 1207 620 1272; x_wconf 86' lang='lat' dir='ltr'><strong>quorum</strong></span> <span class='ocrx_word' id='word_1_23' title='bbox 651 1188 726 1254; x_wconf 87' lang='lat' dir='ltr'><strong>fides</strong></span> <span class='ocrx_word' id='word_1_24' title='bbox 755 1189 906 1256; x_wconf 89' lang='lat' dir='ltr'><strong>industria</strong></span> <span class='ocrx_word' id='word_1_25' title='bbox 936 1193 967 1257; x_wconf 90' lang='lat' dir='ltr'><strong>ot</strong></span> <span class='ocrx_word' id='word_1_26' title='bbox 995 1191 1137 1258; x_wconf 85' lang='lat' dir='ltr'><strong>assiduus</strong></span> <span class='ocrx_word' id='word_1_27' title='bbox 1166 1191 1254 1257; x_wconf 88' lang='lat' dir='ltr'><strong>labor</strong></span> <span class='ocrx_word' id='word_1_28' title='bbox 1282 1211 1318 1256; x_wconf 91' lang='lat' dir='ltr'><strong>ae</strong></span> <span class='ocrx_word' id='word_1_29' title='bbox 1350 1186 1482 1274; x_wconf 69' lang='lat' dir='ltr'>diligentia</span> 
     </span>
     <span class='ocr_line' id='line_1_8' title="bbox 261 1303 1482 1384; baseline -0.002 -13"><span class='ocrx_word' id='word_1_30' title='bbox 261 1325 322 1372; x_wconf 93' lang='lat' dir='ltr'><strong>nou</strong></span> <span class='ocrx_word' id='word_1_31' title='bbox 345 1305 443 1372; x_wconf 89' lang='lat' dir='ltr'><strong>solum</strong></span> <span class='ocrx_word' id='word_1_32' title='bbox 466 1306 497 1371; x_wconf 88' lang='lat' dir='ltr'><strong>et</strong></span> <span class='ocrx_word' id='word_1_33' title='bbox 520 1304 685 1371; x_wconf 88' lang='lat' dir='ltr'><strong>maioribus</strong></span> <span class='ocrx_word' id='word_1_34' title='bbox 707 1305 831 1384; x_wconf 79' lang='lat' dir='ltr'><strong>nostris,</strong></span> <span class='ocrx_word' id='word_1_35' title='bbox 855 1307 908 1372; x_wconf 89' lang='lat' dir='ltr'><strong>sed</strong></span> <span class='ocrx_word' id='word_1_36' title='bbox 930 1307 1025 1372; x_wconf 84' lang='lat' dir='ltr'><strong>etiam</strong></span> <span class='ocrx_word' id='word_1_37' title='bbox 1047 1306 1102 1374; x_wconf 90' lang='lat' dir='ltr'><strong>isti</strong></span> <span class='ocrx_word' id='word_1_38' title='bbox 1124 1305 1234 1374; x_wconf 84' lang='lat' dir='ltr'><strong>Sancte</strong></span> <span class='ocrx_word' id='word_1_39' title='bbox 1257 1305 1330 1373; x_wconf 85' lang='lat' dir='ltr'><strong>Sodi</strong></span> <span class='ocrx_word' id='word_1_40' title='bbox 1352 1307 1381 1372; x_wconf 93' lang='lat' dir='ltr'><strong>et</strong></span> <span class='ocrx_word' id='word_1_41' title='bbox 1400 1303 1482 1372; x_wconf 90' lang='lat' dir='ltr'><strong>ortho-</strong></span> 
     </span>
     <span class='ocr_line' id='line_1_9' title="bbox 261 1417 1483 1508; baseline -0.006 -19"><span class='ocrx_word' id='word_1_42' title='bbox 261 1423 336 1489; x_wconf 87' lang='lat' dir='ltr'><strong>doro</strong></span> <span class='ocrx_word' id='word_1_43' title='bbox 357 1422 429 1489; x_wconf 82' lang='lat' dir='ltr'><strong>fidei</strong></span> <span class='ocrx_word' id='word_1_44' title='bbox 450 1421 520 1488; x_wconf 88' lang='lat' dir='ltr'><strong>usui</strong></span> <span class='ocrx_word' id='word_1_45' title='bbox 541 1423 573 1488; x_wconf 92' lang='lat' dir='ltr'><strong>et</strong></span> <span class='ocrx_word' id='word_1_46' title='bbox 595 1423 772 1488; x_wconf 86' lang='lat' dir='ltr'><strong>ornamento</strong></span> <span class='ocrx_word' id='word_1_47' title='bbox 795 1422 862 1488; x_wconf 81' lang='lat' dir='ltr'><strong>ruit.</strong></span> <span class='ocrx_word' id='word_1_48' title='bbox 909 1421 985 1489; x_wconf 76' lang='lat' dir='ltr'><strong>(lum</strong></span> <span class='ocrx_word' id='word_1_49' title='bbox 1007 1422 1111 1508; x_wconf 89' lang='lat' dir='ltr'><strong>itaque</strong></span> <span class='ocrx_word' id='word_1_50' title='bbox 1133 1417 1483 1507; x_wconf 66' lang='lat' dir='ltr'><strong>ianuamianuaim</strong></span> 
     </span>
     <span class='ocr_line' id='line_1_10' title="bbox 260 1536 1483 1622; baseline -0.007 -18"><span class='ocrx_word' id='word_1_51' title='bbox 260 1538 364 1606; x_wconf 86' lang='lat' dir='ltr'><strong>doetor</strong></span> <span class='ocrx_word' id='word_1_52' title='bbox 392 1539 557 1605; x_wconf 88' lang='lat' dir='ltr'><strong>Baltbaear</strong></span> <span class='ocrx_word' id='word_1_53' title='bbox 585 1537 756 1622; x_wconf 85' lang='lat' dir='ltr'><strong>prepositus</strong></span> <span class='ocrx_word' id='word_1_54' title='bbox 779 1539 813 1604; x_wconf 94' lang='lat' dir='ltr'><strong>in</strong></span> <span class='ocrx_word' id='word_1_55' title='bbox 834 1537 1007 1606; x_wconf 88' lang='lat' dir='ltr'><strong>Woltkirch</strong></span> <span class='ocrx_word' id='word_1_56' title='bbox 1037 1539 1229 1606; x_wconf 78' lang='lat' dir='ltr'><strong>consiliarius</strong></span> <span class='ocrx_word' id='word_1_57' title='bbox 1259 1540 1362 1606; x_wconf 87' lang='lat' dir='ltr'><strong>noster</strong></span> <span class='ocrx_word' id='word_1_58' title='bbox 1382 1536 1483 1604; x_wconf 82' lang='lat' dir='ltr'><strong>devotos</strong></span> 
     </span>
     <span class='ocr_line' id='line_1_11' title="bbox 260 1651 1483 1740; baseline -0.006 -19"><span class='ocrx_word' id='word_1_59' title='bbox 260 1655 389 1723; x_wconf 82' lang='lat' dir='ltr'><strong>dilectus</strong></span> <span class='ocrx_word' id='word_1_60' title='bbox 411 1655 444 1721; x_wconf 93' lang='lat' dir='ltr'><strong>in</strong></span> <span class='ocrx_word' id='word_1_61' title='bbox 466 1653 588 1740; x_wconf 80' lang='lat' dir='ltr'><strong>magnis</strong></span> <span class='ocrx_word' id='word_1_62' title='bbox 612 1655 642 1720; x_wconf 88' lang='lat' dir='ltr'><strong>et</strong></span> <span class='ocrx_word' id='word_1_63' title='bbox 668 1654 772 1720; x_wconf 86' lang='lat' dir='ltr'><strong>arduis</strong></span> <span class='ocrx_word' id='word_1_64' title='bbox 795 1656 885 1722; x_wconf 87' lang='lat' dir='ltr'><strong>rebus</strong></span> <span class='ocrx_word' id='word_1_65' title='bbox 915 1655 984 1722; x_wconf 82' lang='lat' dir='ltr'><strong>diro</strong></span> <span class='ocrx_word' id='word_1_66' title='bbox 1008 1653 1131 1722; x_wconf 80' lang='lat' dir='ltr'><strong>Caesari</strong></span> <span class='ocrx_word' id='word_1_67' title='bbox 1153 1655 1364 1722; x_wconf 86' lang='lat' dir='ltr'><strong>Maximiliano</strong></span> <span class='ocrx_word' id='word_1_68' title='bbox 1385 1651 1483 1720; x_wconf 88' lang='lat' dir='ltr'><strong>domiuo</strong></span> 
     </span>
     <span class='ocr_line' id='line_1_12' title="bbox 259 1767 1483 1856; baseline -0.009 -17"><span class='ocrx_word' id='word_1_69' title='bbox 259 1773 290 1839; x_wconf 88' lang='lat' dir='ltr'><strong>et</strong></span> <span class='ocrx_word' id='word_1_70' title='bbox 319 1790 376 1839; x_wconf 86' lang='lat' dir='ltr'><strong>avo</strong></span> <span class='ocrx_word' id='word_1_71' title='bbox 408 1771 511 1838; x_wconf 84' lang='lat' dir='ltr'><strong>noatm</strong></span> <span class='ocrx_word' id='word_1_72' title='bbox 543 1771 636 1838; x_wconf 74' lang='lat' dir='ltr'><strong>col.mo</strong></span> <span class='ocrx_word' id='word_1_73' title='bbox 666 1771 800 1856; x_wconf 87' lang='lat' dir='ltr'><strong>preclare</strong></span> <span class='ocrx_word' id='word_1_74' title='bbox 830 1772 994 1839; x_wconf 91' lang='lat' dir='ltr'><strong>memoriae</strong></span> <span class='ocrx_word' id='word_1_75' title='bbox 1025 1771 1263 1856; x_wconf 57' lang='lat' dir='ltr'><strong>&amp;montanino</strong></span> <span class='ocrx_word' id='word_1_76' title='bbox 1293 1770 1441 1837; x_wconf 79' lang='lat' dir='ltr'><strong>servirent</strong></span> <span class='ocrx_word' id='word_1_77' title='bbox 1460 1767 1483 1830; x_wconf 86' lang='lat' dir='ltr'><strong>et</strong></span> 
     </span>
     <span class='ocr_line' id='line_1_13' title="bbox 259 1886 1483 1973; baseline -0.002 -18"><span class='ocrx_word' id='word_1_78' title='bbox 259 1887 447 1973; x_wconf 76' lang='lat' dir='ltr'><strong>imperialem</strong></span> <span class='ocrx_word' id='word_1_79' title='bbox 471 1887 683 1954; x_wconf 79' lang='lat' dir='ltr'><strong>cancellariam</strong></span> <span class='ocrx_word' id='word_1_80' title='bbox 707 1907 827 1954; x_wconf 86' lang='lat' dir='ltr'><strong>summa</strong></span> <span class='ocrx_word' id='word_1_81' title='bbox 850 1906 918 1954; x_wconf 90' lang='lat' dir='ltr'><strong>cum</strong></span> <span class='ocrx_word' id='word_1_82' title='bbox 942 1887 1031 1954; x_wconf 87' lang='lat' dir='ltr'><strong>laude</strong></span> <span class='ocrx_word' id='word_1_83' title='bbox 1053 1890 1085 1954; x_wconf 88' lang='lat' dir='ltr'><strong>et</strong></span> <span class='ocrx_word' id='word_1_84' title='bbox 1106 1887 1285 1972; x_wconf 74' lang='lat' dir='ltr'><strong>integritate</strong></span> <span class='ocrx_word' id='word_1_85' title='bbox 1309 1886 1483 1954; x_wconf 81' lang='lat' dir='ltr'><strong>administra·</strong></span> 
     </span>
     <span class='ocr_line' id='line_1_14' title="bbox 258 2000 1485 2088; baseline -0.004 -18"><span class='ocrx_word' id='word_1_86' title='bbox 258 2004 337 2070; x_wconf 87' lang='lat' dir='ltr'><strong>verit</strong></span> <span class='ocrx_word' id='word_1_87' title='bbox 352 2003 460 2070; x_wconf 68' lang='lat' dir='ltr'><strong>mutis</strong></span> <span class='ocrx_word' id='word_1_88' title='bbox 483 2003 579 2082; x_wconf 83' lang='lat' dir='ltr'><strong>annis,</strong></span> <span class='ocrx_word' id='word_1_89' title='bbox 603 2021 734 2069; x_wconf 88' lang='lat' dir='ltr'><strong>necnon</strong></span> <span class='ocrx_word' id='word_1_90' title='bbox 749 2003 892 2069; x_wconf 84' lang='lat' dir='ltr'><strong>defuncta</strong></span> <span class='ocrx_word' id='word_1_91' title='bbox 913 2003 978 2070; x_wconf 86' lang='lat' dir='ltr'><strong>eius</strong></span> <span class='ocrx_word' id='word_1_92' title='bbox 994 2003 1156 2070; x_wconf 74' lang='lat' dir='ltr'><strong>Maiestate</strong></span> <span class='ocrx_word' id='word_1_93' title='bbox 1179 2003 1218 2069; x_wconf 88' lang='lat' dir='ltr'><strong>ad</strong></span> <span class='ocrx_word' id='word_1_94' title='bbox 1241 2004 1386 2088; x_wconf 79' lang='lat' dir='ltr'><strong>obseqma</strong></span> <span class='ocrx_word' id='word_1_95' title='bbox 1402 2000 1485 2068; x_wconf 77' lang='lat' dir='ltr'><strong>noeirs</strong></span> 
     </span>
     <span class='ocr_line' id='line_1_15' title="bbox 258 2117 1484 2204; baseline -0.005 -18"><span class='ocrx_word' id='word_1_96' title='bbox 258 2121 408 2200; x_wconf 83' lang='lat' dir='ltr'><strong>evocatos,</strong></span> <span class='ocrx_word' id='word_1_97' title='bbox 431 2119 527 2198; x_wconf 82' lang='lat' dir='ltr'><strong>nobie,</strong></span> <span class='ocrx_word' id='word_1_98' title='bbox 550 2137 619 2184; x_wconf 89' lang='lat' dir='ltr'><strong>eum</strong></span> <span class='ocrx_word' id='word_1_99' title='bbox 635 2119 743 2186; x_wconf 89' lang='lat' dir='ltr'><strong>multis</strong></span> <span class='ocrx_word' id='word_1_100' title='bbox 758 2119 791 2186; x_wconf 92' lang='lat' dir='ltr'><strong>in</strong></span> <span class='ocrx_word' id='word_1_101' title='bbox 813 2120 911 2198; x_wconf 82' lang='lat' dir='ltr'><strong>rebus,</strong></span> <span class='ocrx_word' id='word_1_102' title='bbox 935 2121 1001 2186; x_wconf 89' lang='lat' dir='ltr'><strong>tum</strong></span> <span class='ocrx_word' id='word_1_103' title='bbox 1020 2119 1161 2204; x_wconf 81' lang='lat' dir='ltr'><strong>precipue</strong></span> <span class='ocrx_word' id='word_1_104' title='bbox 1183 2119 1381 2186; x_wconf 83' lang='lat' dir='ltr'><strong>inconvento</strong></span> <span class='ocrx_word' id='word_1_105' title='bbox 1402 2117 1484 2184; x_wconf 85' lang='lat' dir='ltr'><strong>rosto</strong></span> 
     </span>
     <span class='ocr_line' id='line_1_16' title="bbox 257 2231 1484 2320; baseline 0.002 -18"><span class='ocrx_word' id='word_1_106' title='bbox 257 2236 409 2320; x_wconf 89' lang='lat' dir='ltr'><strong>imperiali</strong></span> <span class='ocrx_word' id='word_1_107' title='bbox 431 2235 659 2314; x_wconf 75' lang='lat' dir='ltr'><strong>wormatiensi,</strong></span> <span class='ocrx_word' id='word_1_108' title='bbox 682 2235 869 2320; x_wconf 81' lang='lat' dir='ltr'><strong>singularem</strong></span> <span class='ocrx_word' id='word_1_109' title='bbox 892 2253 1014 2320; x_wconf 90' lang='lat' dir='ltr'><strong>operam</strong></span> <span class='ocrx_word' id='word_1_110' title='bbox 1030 2239 1062 2301; x_wconf 93' lang='lat' dir='ltr'><strong>et</strong></span> <span class='ocrx_word' id='word_1_111' title='bbox 1079 2235 1172 2302; x_wconf 88' lang='lat' dir='ltr'><strong>fidem</strong></span> <span class='ocrx_word' id='word_1_112' title='bbox 1194 2236 1314 2302; x_wconf 88' lang='lat' dir='ltr'><strong>illibate</strong></span> <span class='ocrx_word' id='word_1_113' title='bbox 1336 2231 1484 2303; x_wconf 69' lang='lat' dir='ltr'><strong>namroritt</strong></span> 
     </span>
     <span class='ocr_line' id='line_1_17' title="bbox 256 2345 1483 2436; baseline -0.006 -18"><span class='ocrx_word' id='word_1_114' title='bbox 256 2352 367 2436; x_wconf 86' lang='lat' dir='ltr'><strong>quippe</strong></span> <span class='ocrx_word' id='word_1_115' title='bbox 389 2351 501 2420; x_wconf 86' lang='lat' dir='ltr'><strong>ibidem</strong></span> <span class='ocrx_word' id='word_1_116' title='bbox 525 2353 629 2417; x_wconf 84' lang='lat' dir='ltr'><strong>eontra</strong></span> <span class='ocrx_word' id='word_1_117' title='bbox 653 2352 858 2418; x_wconf 88' lang='lat' dir='ltr'><strong>Lutheranam</strong></span> <span class='ocrx_word' id='word_1_118' title='bbox 876 2351 1009 2418; x_wconf 90' lang='lat' dir='ltr'><strong>heresim</strong></span> <span class='ocrx_word' id='word_1_119' title='bbox 1031 2351 1111 2417; x_wconf 92' lang='lat' dir='ltr'><strong>mira</strong></span> <span class='ocrx_word' id='word_1_120' title='bbox 1126 2351 1191 2418; x_wconf 88' lang='lat' dir='ltr'><strong>eiua</strong></span> <span class='ocrx_word' id='word_1_121' title='bbox 1214 2350 1368 2417; x_wconf 86' lang='lat' dir='ltr'><strong>industria</strong></span> <span class='ocrx_word' id='word_1_122' title='bbox 1388 2345 1483 2434; x_wconf 89' lang='lat' dir='ltr'><strong>praooi·</strong></span> 
     </span>
     <span class='ocr_line' id='line_1_18' title="bbox 256 2464 1485 2554; baseline -0.007 -19"><span class='ocrx_word' id='word_1_123' title='bbox 256 2487 373 2553; x_wconf 85' lang='lat' dir='ltr'><strong>puaqua</strong></span> <span class='ocrx_word' id='word_1_124' title='bbox 403 2467 540 2534; x_wconf 73' lang='lat' dir='ltr'><strong>dochino</strong></span> <span class='ocrx_word' id='word_1_125' title='bbox 569 2468 600 2534; x_wconf 89' lang='lat' dir='ltr'><strong>et</strong></span> <span class='ocrx_word' id='word_1_126' title='bbox 629 2466 758 2533; x_wconf 89' lang='lat' dir='ltr'><strong>intimus</strong></span> <span class='ocrx_word' id='word_1_127' title='bbox 787 2468 869 2533; x_wconf 86' lang='lat' dir='ltr'><strong>aelus</strong></span> <span class='ocrx_word' id='word_1_128' title='bbox 902 2467 1005 2554; x_wconf 84' lang='lat' dir='ltr'><strong>(quem</strong></span> <span class='ocrx_word' id='word_1_129' title='bbox 1036 2468 1116 2534; x_wconf 89' lang='lat' dir='ltr'><strong>certe</strong></span> <span class='ocrx_word' id='word_1_130' title='bbox 1145 2467 1178 2534; x_wconf 93' lang='lat' dir='ltr'><strong>in</strong></span> <span class='ocrx_word' id='word_1_131' title='bbox 1208 2467 1296 2532; x_wconf 85' lang='lat' dir='ltr'><strong>tanta</strong></span> <span class='ocrx_word' id='word_1_132' title='bbox 1326 2464 1485 2550; x_wconf 83' lang='lat' dir='ltr'><strong>reipublicae</strong></span> 
     </span>
     <span class='ocr_line' id='line_1_19' title="bbox 256 2576 1486 2650; baseline -0.007 -2"><span class='ocrx_word' id='word_1_133' title='bbox 256 2582 441 2650; x_wconf 77' lang='lat' dir='ltr'><strong>christianae</strong></span> <span class='ocrx_word' id='word_1_134' title='bbox 462 2582 637 2649; x_wconf 83' lang='lat' dir='ltr'><strong>calamitate</strong></span> <span class='ocrx_word' id='word_1_135' title='bbox 660 2584 691 2648; x_wconf 93' lang='lat' dir='ltr'><strong>et</strong></span> <span class='ocrx_word' id='word_1_136' title='bbox 712 2581 888 2649; x_wconf 71' lang='lat' dir='ltr'><strong>tbcnmine</strong></span> <span class='ocrx_word' id='word_1_137' title='bbox 911 2582 1074 2648; x_wconf 90' lang='lat' dir='ltr'><strong>cuiuslibet</strong></span> <span class='ocrx_word' id='word_1_138' title='bbox 1096 2601 1166 2650; x_wconf 83' lang='lat' dir='ltr'><strong>vers</strong></span> <span class='ocrx_word' id='word_1_139' title='bbox 1188 2583 1352 2649; x_wconf 83' lang='lat' dir='ltr'><strong>christiani</strong></span> <span class='ocrx_word' id='word_1_140' title='bbox 1373 2576 1486 2647; x_wconf 83' lang='lat' dir='ltr'><strong>bominis</strong></span> 
     </span>
     <span class='ocr_line' id='line_1_20' title="bbox 256 2693 1483 2783; baseline -0.005 -19"><span class='ocrx_word' id='word_1_141' title='bbox 256 2700 360 2782; x_wconf 88' lang='lat' dir='ltr'><strong>peetus</strong></span> <span class='ocrx_word' id='word_1_142' title='bbox 375 2697 506 2765; x_wconf 84' lang='lat' dir='ltr'><strong>insidere</strong></span> <span class='ocrx_word' id='word_1_143' title='bbox 521 2695 619 2783; x_wconf 84' lang='lat' dir='ltr'><strong>deret)</strong></span> <span class='ocrx_word' id='word_1_144' title='bbox 636 2697 735 2764; x_wconf 84' lang='lat' dir='ltr'><strong>clarus</strong></span> <span class='ocrx_word' id='word_1_145' title='bbox 758 2693 948 2782; x_wconf 83' lang='lat' dir='ltr'><strong>illustrisque</strong></span> <span class='ocrx_word' id='word_1_146' title='bbox 970 2697 1087 2774; x_wconf 89' lang='lat' dir='ltr'><strong>ertitit;</strong></span> <span class='ocrx_word' id='word_1_147' title='bbox 1107 2717 1198 2782; x_wconf 86' lang='lat' dir='ltr'><strong>quare</strong></span> <span class='ocrx_word' id='word_1_148' title='bbox 1214 2697 1307 2764; x_wconf 90' lang='lat' dir='ltr'><strong>huius</strong></span> <span class='ocrx_word' id='word_1_149' title='bbox 1326 2697 1384 2764; x_wconf 88' lang='lat' dir='ltr'><strong>viri</strong></span> <span class='ocrx_word' id='word_1_150' title='bbox 1397 2696 1483 2762; x_wconf 81' lang='lat' dir='ltr'><strong>derh-</strong></span> 
     </span>
     <span class='ocr_line' id='line_1_21' title="bbox 254 2813 1484 2898; baseline -0.004 -19"><span class='ocrx_word' id='word_1_151' title='bbox 254 2815 346 2881; x_wconf 88' lang='lat' dir='ltr'><strong>ritate</strong></span> <span class='ocrx_word' id='word_1_152' title='bbox 368 2813 427 2880; x_wconf 87' lang='lat' dir='ltr'><strong>fide</strong></span> <span class='ocrx_word' id='word_1_153' title='bbox 450 2814 634 2881; x_wconf 87' lang='lat' dir='ltr'><strong>etdoctrina</strong></span> <span class='ocrx_word' id='word_1_154' title='bbox 655 2814 839 2898; x_wconf 87' lang='lat' dir='ltr'><strong>usqueadeo</strong></span> <span class='ocrx_word' id='word_1_155' title='bbox 862 2813 995 2880; x_wconf 76' lang='lat' dir='ltr'><strong>docmati</strong></span> <span class='ocrx_word' id='word_1_156' title='bbox 1017 2815 1108 2898; x_wconf 82' lang='lat' dir='ltr'><strong>atque</strong></span> <span class='ocrx_word' id='word_1_157' title='bbox 1130 2813 1227 2880; x_wconf 89' lang='lat' dir='ltr'><strong>illecti</strong></span> <span class='ocrx_word' id='word_1_158' title='bbox 1243 2833 1358 2890; x_wconf 85' lang='lat' dir='ltr'><strong>sumus,</strong></span> <span class='ocrx_word' id='word_1_159' title='bbox 1381 2815 1411 2877; x_wconf 91' lang='lat' dir='ltr'><strong>ut</strong></span> <span class='ocrx_word' id='word_1_160' title='bbox 1427 2828 1484 2894; x_wconf 89' lang='lat' dir='ltr'><strong>prae</strong></span> 
     </span>
     <span class='ocr_line' id='line_1_22' title="bbox 255 2928 1483 3014; baseline -0.003 -20"><span class='ocrx_word' id='word_1_161' title='bbox 255 2930 382 2997; x_wconf 77' lang='lat' dir='ltr'><strong>coctana</strong></span> <span class='ocrx_word' id='word_1_162' title='bbox 397 2928 649 3014; x_wconf 87' lang='lat' dir='ltr'><strong>supramemorati</strong></span> <span class='ocrx_word' id='word_1_163' title='bbox 664 2929 714 2994; x_wconf 87' lang='lat' dir='ltr'><strong>avi</strong></span> <span class='ocrx_word' id='word_1_164' title='bbox 728 2929 827 2995; x_wconf 85' lang='lat' dir='ltr'><strong>nostri</strong></span> <span class='ocrx_word' id='word_1_165' title='bbox 848 2929 1031 2996; x_wconf 86' lang='lat' dir='ltr'><strong>consiliariis</strong></span> <span class='ocrx_word' id='word_1_166' title='bbox 1047 2929 1150 3012; x_wconf 88' lang='lat' dir='ltr'><strong>ipsum</strong></span> <span class='ocrx_word' id='word_1_167' title='bbox 1166 2929 1265 2995; x_wconf 91' lang='lat' dir='ltr'><strong>solum</strong></span> <span class='ocrx_word' id='word_1_168' title='bbox 1288 2928 1412 3014; x_wconf 83' lang='lat' dir='ltr'><strong>dignum</strong></span> <span class='ocrx_word' id='word_1_169' title='bbox 1425 2945 1483 2991; x_wconf 85' lang='lat' dir='ltr'><strong>cen·</strong></span> 
     </span>
     <span class='ocr_line' id='line_1_23' title="bbox 255 3042 1484 3130; baseline -0.007 -20"><span class='ocrx_word' id='word_1_170' title='bbox 255 3044 405 3111; x_wconf 75' lang='lat' dir='ltr'><strong>suenmua</strong></span> <span class='ocrx_word' id='word_1_171' title='bbox 427 3064 517 3130; x_wconf 88' lang='lat' dir='ltr'><strong>quem</strong></span> <span class='ocrx_word' id='word_1_172' title='bbox 541 3044 620 3128; x_wconf 89' lang='lat' dir='ltr'><strong>apud</strong></span> <span class='ocrx_word' id='word_1_173' title='bbox 647 3063 702 3111; x_wconf 91' lang='lat' dir='ltr'><strong>nos</strong></span> <span class='ocrx_word' id='word_1_174' title='bbox 725 3043 758 3110; x_wconf 89' lang='lat' dir='ltr'><strong>in</strong></span> <span class='ocrx_word' id='word_1_175' title='bbox 782 3043 931 3128; x_wconf 88' lang='lat' dir='ltr'><strong>Hispania</strong></span> <span class='ocrx_word' id='word_1_176' title='bbox 960 3044 1141 3110; x_wconf 87' lang='lat' dir='ltr'><strong>haberemus</strong></span> <span class='ocrx_word' id='word_1_177' title='bbox 1171 3045 1296 3128; x_wconf 86' lang='lat' dir='ltr'><strong>eiusque</strong></span> <span class='ocrx_word' id='word_1_178' title='bbox 1326 3043 1441 3110; x_wconf 87' lang='lat' dir='ltr'><strong>coneilio</strong></span> <span class='ocrx_word' id='word_1_179' title='bbox 1459 3042 1484 3104; x_wconf 87' lang='lat' dir='ltr'><strong>et</strong></span> 
     </span>
     <span class='ocr_line' id='line_1_24' title="bbox 254 3153 1483 3245; baseline -0.007 -18"><span class='ocrx_word' id='word_1_180' title='bbox 254 3179 342 3245; x_wconf 89' lang='lat' dir='ltr'><strong>opere</strong></span> <span class='ocrx_word' id='word_1_181' title='bbox 363 3161 397 3226; x_wconf 91' lang='lat' dir='ltr'><strong>in</strong></span> <span class='ocrx_word' id='word_1_182' title='bbox 419 3161 683 3227; x_wconf 87' lang='lat' dir='ltr'><strong>administratione</strong></span> <span class='ocrx_word' id='word_1_183' title='bbox 707 3179 749 3226; x_wconf 90' lang='lat' dir='ltr'><strong>sa.</strong></span> <span class='ocrx_word' id='word_1_184' title='bbox 773 3161 860 3226; x_wconf 87' lang='lat' dir='ltr'><strong>Rom.</strong></span> <span class='ocrx_word' id='word_1_185' title='bbox 883 3160 1005 3244; x_wconf 90' lang='lat' dir='ltr'><strong>imperii</strong></span> <span class='ocrx_word' id='word_1_186' title='bbox 1027 3160 1223 3244; x_wconf 88' lang='lat' dir='ltr'><strong>potissimum</strong></span> <span class='ocrx_word' id='word_1_187' title='bbox 1246 3162 1404 3226; x_wconf 90' lang='lat' dir='ltr'><strong>uteremur.</strong></span> <span class='ocrx_word' id='word_1_188' title='bbox 1430 3153 1483 3235; x_wconf 82' lang='lat' dir='ltr'><strong>Qua</strong></span> 
     </span>
     <span class='ocr_line' id='line_1_25' title="bbox 253 3273 1482 3360; baseline -0.007 -19"><span class='ocrx_word' id='word_1_189' title='bbox 253 3276 286 3342; x_wconf 93' lang='lat' dir='ltr'><strong>in</strong></span> <span class='ocrx_word' id='word_1_190' title='bbox 309 3296 341 3343; x_wconf 90' lang='lat' dir='ltr'><strong>re</strong></span> <span class='ocrx_word' id='word_1_191' title='bbox 363 3295 433 3342; x_wconf 90' lang='lat' dir='ltr'><strong>cum</strong></span> <span class='ocrx_word' id='word_1_192' title='bbox 456 3276 543 3343; x_wconf 86' lang='lat' dir='ltr'><strong>nobis</strong></span> <span class='ocrx_word' id='word_1_193' title='bbox 565 3276 610 3341; x_wconf 87' lang='lat' dir='ltr'><strong>ita</strong></span> <span class='ocrx_word' id='word_1_194' title='bbox 632 3294 754 3360; x_wconf 87' lang='lat' dir='ltr'><strong>operam</strong></span> <span class='ocrx_word' id='word_1_195' title='bbox 778 3294 865 3342; x_wconf 84' lang='lat' dir='ltr'><strong>auam</strong></span> <span class='ocrx_word' id='word_1_196' title='bbox 889 3277 987 3354; x_wconf 78' lang='lat' dir='ltr'><strong>navet</strong></span> <span class='ocrx_word' id='word_1_197' title='bbox 1019 3275 1156 3360; x_wconf 88' lang='lat' dir='ltr'><strong>nihilque</strong></span> <span class='ocrx_word' id='word_1_198' title='bbox 1178 3275 1281 3360; x_wconf 88' lang='lat' dir='ltr'><strong>ipsum</strong></span> <span class='ocrx_word' id='word_1_199' title='bbox 1304 3275 1340 3342; x_wconf 92' lang='lat' dir='ltr'><strong>in</strong></span> <span class='ocrx_word' id='word_1_200' title='bbox 1363 3273 1482 3340; x_wconf 84' lang='lat' dir='ltr'><strong>omnibus</strong></span> 
     </span>
     <span class='ocr_line' id='line_1_26' title="bbox 253 3387 1481 3474; baseline -0.006 -18"><span class='ocrx_word' id='word_1_201' title='bbox 253 3391 424 3458; x_wconf 87' lang='lat' dir='ltr'><strong>actionibus</strong></span> <span class='ocrx_word' id='word_1_202' title='bbox 447 3391 510 3457; x_wconf 92' lang='lat' dir='ltr'><strong>suis</strong></span> <span class='ocrx_word' id='word_1_203' title='bbox 533 3394 599 3458; x_wconf 65' lang='lat' dir='ltr'><strong>mm</strong></span> <span class='ocrx_word' id='word_1_204' title='bbox 621 3390 704 3457; x_wconf 85' lang='lat' dir='ltr'><strong>cordi</strong></span> <span class='ocrx_word' id='word_1_205' title='bbox 722 3391 833 3456; x_wconf 89' lang='lat' dir='ltr'><strong>babere</strong></span> <span class='ocrx_word' id='word_1_206' title='bbox 848 3391 971 3474; x_wconf 77' lang='lat' dir='ltr'><strong>tamqm</strong></span> <span class='ocrx_word' id='word_1_207' title='bbox 995 3391 1115 3457; x_wconf 87' lang='lat' dir='ltr'><strong>studere</strong></span> <span class='ocrx_word' id='word_1_208' title='bbox 1137 3393 1169 3458; x_wconf 91' lang='lat' dir='ltr'><strong>et</strong></span> <span class='ocrx_word' id='word_1_209' title='bbox 1190 3390 1293 3456; x_wconf 89' lang='lat' dir='ltr'><strong>conari</strong></span> <span class='ocrx_word' id='word_1_210' title='bbox 1311 3387 1481 3456; x_wconf 79' lang='lat' dir='ltr'><strong>animato-ar·</strong></span> 
     </span>
     <span class='ocr_line' id='line_1_27' title="bbox 252 3504 1481 3592; baseline -0.004 -20"><span class='ocrx_word' id='word_1_211' title='bbox 252 3509 354 3573; x_wconf 90' lang='lat' dir='ltr'><strong>tamus</strong></span> <span class='ocrx_word' id='word_1_212' title='bbox 370 3526 462 3592; x_wconf 88' lang='lat' dir='ltr'><strong>quam</strong></span> <span class='ocrx_word' id='word_1_213' title='bbox 477 3527 535 3591; x_wconf 87' lang='lat' dir='ltr'><strong>quo</strong></span> <span class='ocrx_word' id='word_1_214' title='bbox 550 3509 638 3591; x_wconf 89' lang='lat' dir='ltr'><strong>pacto</strong></span> <span class='ocrx_word' id='word_1_215' title='bbox 653 3505 821 3572; x_wconf 87' lang='lat' dir='ltr'><strong>lutherani</strong></span> <span class='ocrx_word' id='word_1_216' title='bbox 837 3505 948 3572; x_wconf 81' lang='lat' dir='ltr'><strong>trroris</strong></span> <span class='ocrx_word' id='word_1_217' title='bbox 963 3505 1047 3572; x_wconf 88' lang='lat' dir='ltr'><strong>virus</strong></span> <span class='ocrx_word' id='word_1_218' title='bbox 1063 3525 1082 3572; x_wconf 91' lang='lat' dir='ltr'><strong>a</strong></span> <span class='ocrx_word' id='word_1_219' title='bbox 1097 3504 1263 3572; x_wconf 82' lang='lat' dir='ltr'><strong>Germania</strong></span> <span class='ocrx_word' id='word_1_220' title='bbox 1285 3509 1389 3574; x_wconf 89' lang='lat' dir='ltr'><strong>nostra</strong></span> <span class='ocrx_word' id='word_1_221' title='bbox 1408 3517 1481 3587; x_wconf 87' lang='lat' dir='ltr'><strong>quau</strong></span> 
     </span>
     <span class='ocr_line' id='line_1_28' title="bbox 252 3614 1480 3706; baseline -0.002 -17"><span class='ocrx_word' id='word_1_222' title='bbox 252 3623 408 3690; x_wconf 91' lang='lat' dir='ltr'><strong>celerrima</strong></span> <span class='ocrx_word' id='word_1_223' title='bbox 430 3641 465 3688; x_wconf 88' lang='lat' dir='ltr'><strong>ao</strong></span> <span class='ocrx_word' id='word_1_224' title='bbox 493 3621 671 3706; x_wconf 87' lang='lat' dir='ltr'><strong>planissime</strong></span> <span class='ocrx_word' id='word_1_225' title='bbox 700 3620 846 3705; x_wconf 86' lang='lat' dir='ltr'><strong>extirpari</strong></span> <span class='ocrx_word' id='word_1_226' title='bbox 869 3623 900 3687; x_wconf 88' lang='lat' dir='ltr'><strong>et</strong></span> <span class='ocrx_word' id='word_1_227' title='bbox 922 3621 1011 3688; x_wconf 88' lang='lat' dir='ltr'><strong>evelli</strong></span> <span class='ocrx_word' id='word_1_228' title='bbox 1041 3621 1154 3705; x_wconf 87' lang='lat' dir='ltr'><strong>possit;</strong></span> <span class='ocrx_word' id='word_1_229' title='bbox 1180 3621 1249 3706; x_wconf 90' lang='lat' dir='ltr'><strong>jure</strong></span> <span class='ocrx_word' id='word_1_230' title='bbox 1279 3621 1388 3687; x_wconf 90' lang='lat' dir='ltr'><strong>merito</strong></span> <span class='ocrx_word' id='word_1_231' title='bbox 1413 3614 1480 3699; x_wconf 74' lang='lat' dir='ltr'><strong>mgi-</strong></span> 
     </span>
     <span class='ocr_line' id='line_1_29' title="bbox 252 3731 1479 3821; baseline -0.002 -17"><span class='ocrx_word' id='word_1_232' title='bbox 252 3739 383 3812; x_wconf 86' lang='lat' dir='ltr'><strong>tationes</strong></span> <span class='ocrx_word' id='word_1_233' title='bbox 406 3741 526 3804; x_wconf 91' lang='lat' dir='ltr'><strong>nostras</strong></span> <span class='ocrx_word' id='word_1_234' title='bbox 542 3737 575 3804; x_wconf 91' lang='lat' dir='ltr'><strong>in</strong></span> <span class='ocrx_word' id='word_1_235' title='bbox 597 3737 702 3804; x_wconf 88' lang='lat' dir='ltr'><strong>eodem</strong></span> <span class='ocrx_word' id='word_1_236' title='bbox 725 3736 859 3803; x_wconf 91' lang='lat' dir='ltr'><strong>ornando</strong></span> <span class='ocrx_word' id='word_1_237' title='bbox 882 3738 972 3821; x_wconf 86' lang='lat' dir='ltr'><strong>atque</strong></span> <span class='ocrx_word' id='word_1_238' title='bbox 995 3737 1181 3804; x_wconf 86' lang='lat' dir='ltr'><strong>honestando</strong></span> <span class='ocrx_word' id='word_1_239' title='bbox 1204 3737 1413 3804; x_wconf 78' lang='lat' dir='ltr'><strong>mnrertimus</strong></span> <span class='ocrx_word' id='word_1_240' title='bbox 1433 3731 1479 3794; x_wconf 72' lang='lat' dir='ltr'><strong>te</strong></span> 
     </span>
     <span class='ocr_line' id='line_1_30' title="bbox 252 3845 1480 3938; baseline -0.005 -18"><span class='ocrx_word' id='word_1_241' title='bbox 252 3875 320 3920; x_wconf 89' lang='lat' dir='ltr'><strong>rum</strong></span> <span class='ocrx_word' id='word_1_242' title='bbox 343 3873 413 3920; x_wconf 90' lang='lat' dir='ltr'><strong>eum</strong></span> <span class='ocrx_word' id='word_1_243' title='bbox 434 3853 500 3938; x_wconf 86' lang='lat' dir='ltr'><strong>ipse</strong></span> <span class='ocrx_word' id='word_1_244' title='bbox 522 3872 583 3920; x_wconf 93' lang='lat' dir='ltr'><strong>non</strong></span> <span class='ocrx_word' id='word_1_245' title='bbox 605 3852 666 3920; x_wconf 89' lang='lat' dir='ltr'><strong>nisi</strong></span> <span class='ocrx_word' id='word_1_246' title='bbox 687 3853 721 3919; x_wconf 93' lang='lat' dir='ltr'><strong>in</strong></span> <span class='ocrx_word' id='word_1_247' title='bbox 745 3852 894 3937; x_wconf 90' lang='lat' dir='ltr'><strong>superiori</strong></span> <span class='ocrx_word' id='word_1_248' title='bbox 909 3851 1074 3920; x_wconf 86' lang='lat' dir='ltr'><strong>Germania</strong></span> <span class='ocrx_word' id='word_1_249' title='bbox 1097 3853 1197 3938; x_wconf 87' lang='lat' dir='ltr'><strong>patria</strong></span> <span class='ocrx_word' id='word_1_250' title='bbox 1220 3872 1275 3919; x_wconf 89' lang='lat' dir='ltr'><strong>sua</strong></span> <span class='ocrx_word' id='word_1_251' title='bbox 1290 3845 1480 3920; x_wconf 79' lang='lat' dir='ltr'><strong>ecclesiasticis</strong></span> 
     </span>
     <span class='ocr_line' id='line_1_31' title="bbox 251 3960 1481 4053; baseline -0.009 -17"><span class='ocrx_word' id='word_1_252' title='bbox 251 3970 405 4036; x_wconf 87' lang='lat' dir='ltr'><strong>benefieiis</strong></span> <span class='ocrx_word' id='word_1_253' title='bbox 428 3969 534 4036; x_wconf 85' lang='lat' dir='ltr'><strong>donari</strong></span> <span class='ocrx_word' id='word_1_254' title='bbox 557 3970 588 4034; x_wconf 93' lang='lat' dir='ltr'><strong>et</strong></span> <span class='ocrx_word' id='word_1_255' title='bbox 611 3967 799 4036; x_wconf 89' lang='lat' dir='ltr'><strong>remunerari</strong></span> <span class='ocrx_word' id='word_1_256' title='bbox 822 3968 932 4052; x_wconf 79' lang='lat' dir='ltr'><strong>cupiat,</strong></span> <span class='ocrx_word' id='word_1_257' title='bbox 958 3968 1105 4052; x_wconf 88' lang='lat' dir='ltr'><strong>nobisque</strong></span> <span class='ocrx_word' id='word_1_258' title='bbox 1128 3987 1181 4053; x_wconf 93' lang='lat' dir='ltr'><strong>pro</strong></span> <span class='ocrx_word' id='word_1_259' title='bbox 1204 3988 1284 4035; x_wconf 90' lang='lat' dir='ltr'><strong>nunc</strong></span> <span class='ocrx_word' id='word_1_260' title='bbox 1308 3969 1392 4034; x_wconf 89' lang='lat' dir='ltr'><strong>nulla</strong></span> <span class='ocrx_word' id='word_1_261' title='bbox 1411 3960 1481 4029; x_wconf 88' lang='lat' dir='ltr'><strong>sitio</strong></span> 
     </span>
     <span class='ocr_line' id='line_1_32' title="bbox 252 4075 1480 4170; baseline -0.009 -19"><span class='ocrx_word' id='word_1_262' title='bbox 252 4085 450 4170; x_wconf 86' lang='lat' dir='ltr'><strong>eaprovincia</strong></span> <span class='ocrx_word' id='word_1_263' title='bbox 461 4085 697 4152; x_wconf 85' lang='lat' dir='ltr'><strong>sacerdotiorum</strong></span> <span class='ocrx_word' id='word_1_264' title='bbox 706 4083 953 4150; x_wconf 86' lang='lat' dir='ltr'><strong>conferendorum</strong></span> <span class='ocrx_word' id='word_1_265' title='bbox 962 4084 1093 4150; x_wconf 82' lang='lat' dir='ltr'><strong>facultas</strong></span> <span class='ocrx_word' id='word_1_266' title='bbox 1102 4087 1156 4149; x_wconf 86' lang='lat' dir='ltr'><strong>aut</strong></span> <span class='ocrx_word' id='word_1_267' title='bbox 1165 4085 1374 4160; x_wconf 82' lang='lat' dir='ltr'><strong>commoditas,</strong></span> <span class='ocrx_word' id='word_1_268' title='bbox 1383 4075 1480 4162; x_wconf 88' lang='lat' dir='ltr'><strong>suppli·</strong></span> 
     </span>
    </p>
   </div>
   <div class='ocr_carea' id='block_1_5' title="bbox 251 4189 1481 4516">
    <p class='ocr_par' dir='ltr' id='par_1_5' title="bbox 251 4189 1481 4516">
     <span class='ocr_line' id='line_1_33' title="bbox 252 4189 1481 4284; baseline -0.009 -17"><span class='ocrx_word' id='word_1_269' title='bbox 252 4219 357 4266; x_wconf 76' lang='lat' dir='ltr'><strong>comm</strong></span> <span class='ocrx_word' id='word_1_270' title='bbox 381 4201 538 4267; x_wconf 87' lang='lat' dir='ltr'><strong>sanctitati</strong></span> <span class='ocrx_word' id='word_1_271' title='bbox 553 4202 652 4267; x_wconf 85' lang='lat' dir='ltr'><strong>vestre</strong></span> <span class='ocrx_word' id='word_1_272' title='bbox 676 4200 770 4266; x_wconf 88' lang='lat' dir='ltr'><strong>etiam</strong></span> <span class='ocrx_word' id='word_1_273' title='bbox 785 4201 875 4284; x_wconf 85' lang='lat' dir='ltr'><strong>atque</strong></span> <span class='ocrx_word' id='word_1_274' title='bbox 891 4199 985 4265; x_wconf 90' lang='lat' dir='ltr'><strong>etiam</strong></span> <span class='ocrx_word' id='word_1_275' title='bbox 1000 4198 1144 4284; x_wconf 83' lang='lat' dir='ltr'><strong>dignetur</strong></span> <span class='ocrx_word' id='word_1_276' title='bbox 1159 4201 1207 4265; x_wconf 90' lang='lat' dir='ltr'><strong>vet</strong></span> <span class='ocrx_word' id='word_1_277' title='bbox 1229 4203 1334 4264; x_wconf 87' lang='lat' dir='ltr'><strong>nostra</strong></span> <span class='ocrx_word' id='word_1_278' title='bbox 1349 4213 1432 4264; x_wconf 74' lang='lat' dir='ltr'><strong>musa</strong></span> <span class='ocrx_word' id='word_1_279' title='bbox 1444 4189 1481 4256; x_wconf 82' lang='lat' dir='ltr'><strong>vel</strong></span> 
     </span>
     <span class='ocr_line' id='line_1_34' title="bbox 252 4308 1481 4400; baseline -0.008 -20"><span class='ocrx_word' id='word_1_280' title='bbox 252 4315 430 4381; x_wconf 81' lang='lat' dir='ltr'><strong>eximiorum</strong></span> <span class='ocrx_word' id='word_1_281' title='bbox 452 4317 547 4382; x_wconf 88' lang='lat' dir='ltr'><strong>etiam</strong></span> <span class='ocrx_word' id='word_1_282' title='bbox 562 4315 637 4382; x_wconf 86' lang='lat' dir='ltr'><strong>dicti</strong></span> <span class='ocrx_word' id='word_1_283' title='bbox 652 4315 845 4382; x_wconf 86' lang='lat' dir='ltr'><strong>Balthasaris</strong></span> <span class='ocrx_word' id='word_1_284' title='bbox 860 4314 1038 4384; x_wconf 87' lang='lat' dir='ltr'><strong>meritorum</strong></span> <span class='ocrx_word' id='word_1_285' title='bbox 1053 4313 1177 4396; x_wconf 74' lang='lat' dir='ltr'><strong>intuitu,</strong></span> <span class='ocrx_word' id='word_1_286' title='bbox 1199 4315 1248 4380; x_wconf 85' lang='lat' dir='ltr'><strong>vel</strong></span> <span class='ocrx_word' id='word_1_287' title='bbox 1263 4317 1383 4400; x_wconf 89' lang='lat' dir='ltr'><strong>propter</strong></span> <span class='ocrx_word' id='word_1_288' title='bbox 1402 4308 1481 4395; x_wconf 83' lang='lat' dir='ltr'><strong>ipsius</strong></span> 
     </span>
     <span class='ocr_line' id='line_1_35' title="bbox 251 4419 1481 4516; baseline 0.002 -24"><span class='ocrx_word' id='word_1_289' title='bbox 251 4427 285 4491; x_wconf 91' lang='lat' dir='ltr'><strong>in</strong></span> <span class='ocrx_word' id='word_1_290' title='bbox 308 4427 452 4495; x_wconf 84' lang='lat' dir='ltr'><strong>Sanctam</strong></span> <span class='ocrx_word' id='word_1_291' title='bbox 475 4430 569 4496; x_wconf 88' lang='lat' dir='ltr'><strong>istam</strong></span> <span class='ocrx_word' id='word_1_292' title='bbox 593 4429 701 4497; x_wconf 59' lang='lat' dir='ltr'><strong>&amp;dem</strong></span> <span class='ocrx_word' id='word_1_293' title='bbox 725 4430 890 4516; x_wconf 82' lang='lat' dir='ltr'><strong>singularis</strong></span> <span class='ocrx_word' id='word_1_294' title='bbox 914 4429 1009 4496; x_wconf 86' lang='lat' dir='ltr'><strong>studii</strong></span> <span class='ocrx_word' id='word_1_295' title='bbox 1031 4431 1062 4496; x_wconf 91' lang='lat' dir='ltr'><strong>ot</strong></span> <span class='ocrx_word' id='word_1_296' title='bbox 1083 4429 1155 4499; x_wconf 89' lang='lat' dir='ltr'><strong>fidei</strong></span> <span class='ocrx_word' id='word_1_297' title='bbox 1183 4429 1322 4496; x_wconf 88' lang='lat' dir='ltr'><strong>ardorem</strong></span> <span class='ocrx_word' id='word_1_298' title='bbox 1344 4427 1434 4497; x_wconf 85' lang='lat' dir='ltr'><strong>eidem</strong></span> <span class='ocrx_word' id='word_1_299' title='bbox 1452 4419 1481 4486; x_wconf 74' lang='lat' dir='ltr'><strong>du</strong></span> 
     </span>
    </p>
   </div>
   <div class='ocr_carea' id='block_1_6' title="bbox 0 0 1568 4903">
    <p class='ocr_par' dir='ltr' id='par_1_6' title="bbox 0 0 1568 4903">
     <span class='ocr_line' id='line_1_36' title="bbox 0 0 1568 4903; baseline 0 0"><span class='ocrx_word' id='word_1_300' title='bbox 0 0 1568 4903; x_wconf 95' lang='lat' dir='ltr'><strong> </strong></span> 
     </span>
    </p>
   </div>
  </div>
 </body>
</html>
