3128 4908
767 302 811 313 -
852 259 921 332 'aaa
966 301 1011 314 -

252 451 325 531 'ullo
348 451 428 530 certe
451 471 487 530 e'x
508 462 548 530 iis
571 462 737 547 inquibus
761 460 887 546 spiritus
909 459 1049 529 ueritatis
1072 462 1104 528 et
1126 451 1294 545 sapientiae
1316 463 1363 528 est
1383 459 1494 528 locutus
1557 477 1558 518 i

263 567 316 649 sed
338 580 515 648 vanissimis
538 579 721 665 quibusdum
744 577 952 645 seductoribus
974 578 1147 644 animarum
1169 580 1350 656 vestrarum,
1372 576 1495 662 quidum

263 683 324 765 sibi
346 717 452 764 auram
475 697 651 782 popularem
675 698 830 781 appetunt,
853 696 890 762 de
912 695 1083 762 vestramm
1105 694 1280 761 animarum
1300 694 1426 780 pernicie
1445 711 1497 759 nou

263 799 412 896 labomnt,
435 817 630 902 efficiuntque
644 815 680 880 ut
694 833 748 881 vos
763 832 872 897 pamm
887 813 970 899 grati
983 813 1042 880 lilii
1057 815 1088 879 et
1101 814 1213 896 patres,
1229 830 1311 891 aros,
1326 811 1497 893 maioresque

263 935 379 1000 vestros
402 932 511 1000 erroris
533 932 782 1017 ignorantiaeque
804 931 837 999 in
859 933 919 1000 tide
941 931 1091 999 catholica
1113 933 1275 1013 damnetis,
1298 935 1329 1001 et
1351 935 1390 1000 ab
1410 931 1498 1001 omni-

263 1052 385 1135 potente
401 1051 465 1117 Deo
487 1049 548 1134 ipsi
571 1047 766 1115 damnemini.
812 1047 912 1128 Quam
934 1049 1083 1116 iacbiram
1106 1049 1240 1116 filiorum
1262 1052 1433 1116 nostrorum
1451 1068 1498 1114 nos

263 1185 357 1251 aequo
380 1167 482 1233 animo
505 1187 566 1233 non
587 1184 750 1251 possumus
773 1165 858 1232 terre.
904 1166 986 1232 lllud
1008 1167 1102 1233 etiam
1117 1166 1321 1246 condolentes,
1344 1167 1498 1252 quodcum

264 1283 464 1353 obtulerimus
481 1283 566 1349 robis
589 1301 645 1348 nos
661 1282 818 1360 missuros,
841 1282 875 1349 iu
889 1282 1025 1350 medium
1040 1283 1174 1369 aliquem
1190 1284 1292 1350 locum
1307 1283 1390 1350 viros
1411 1283 1499 1350 doctm

264 1403 365 1470 Deum
387 1401 541 1478 timenlm,
564 1399 616 1484 qui
638 1417 691 1466 sos
714 1397 797 1466 riam
820 1399 959 1466 veniatis
982 1399 1134 1480 edomant
1157 1401 1188 1466 et
1210 1403 1378 1486 coarguant
1400 1399 1499 1485 Spiritu

265 1521 370 1586 sancto
385 1520 561 1603 cooperante
585 1515 756 1584 seductores
772 1517 897 1596 uestros,
919 1535 981 1584 non
995 1515 1209 1601 complantatis
1231 1517 1433 1584 conditionem
1446 1518 1499 1582 tan

264 1631 401 1722 aequam,
416 1611 576 1719 magisque
591 1633 697 1718 petitis
712 1635 748 1700 ut
762 1653 813 1701 eos
827 1633 861 1700 in
877 1633 1033 1701 civitatem
1048 1637 1182 1700 vestram
1198 1634 1395 1716 destinemus,
1412 1635 1500 1700 tutum

264 1755 295 1820 et
317 1727 510 1819 commodum
539 1751 640 1819 locum
668 1749 732 1816 illis
762 1750 984 1835 promittentes.
1029 1751 1067 1816 In
1089 1769 1148 1834 quo
1178 1751 1362 1836 requirimus
1384 1749 1500 1835 prolecto

265 1869 388 1964 solitam
403 1865 587 1935 modestiam
609 1845 730 1951 generis
745 1866 847 1932 vestri.
894 1865 978 1933 Nam
999 1885 1055 1934 nos
1070 1885 1140 1932 oum
1163 1866 1298 1934 medium
1313 1867 1414 1933 locum
1428 1864 1501 1931 vobis

264 1985 473 2062 offerebamus,
494 1982 686 2050 humanitate
701 1982 734 2047 id
750 1981 936 2049 faciebamus
960 1984 990 2050 et
1005 1982 1211 2050 benivolentia
1226 2002 1300 2068 erga
1315 2002 1370 2048 ros
1391 1980 1501 2054 inducti,

264 2077 305 2168 des
323 2101 429 2167 nostra
444 2099 635 2184 aliquantum
657 2098 809 2183 dignitate
825 2097 1011 2165 decedentes.
1036 2097 1119 2165 Satis
1134 2099 1216 2165 enim
1231 2099 1353 2164 constat
1375 2097 1412 2164 de
1424 2097 1501 2162 rebus

263 2215 336 2283 fidei
358 2215 438 2300 apud
466 2215 569 2298 ipsum
599 2215 690 2298 caput
712 2214 856 2280 ecclesiae
878 2213 931 2299 agi
953 2216 985 2280 et
1005 2215 1131 2280 tractari
1158 2194 1333 2294 convenire,
1362 2213 1439 2298 quod
1457 2229 1502 2276 ros

265 2351 334 2428 curn
358 2331 397 2398 ad
412 2331 513 2397 vestra
534 2331 601 2396 loca
616 2330 772 2410 revocatis,
795 2329 935 2396 faceretis
958 2331 1142 2416 arroganter,
1167 2330 1194 2396 si
1209 2330 1310 2396 vestra
1332 2329 1408 2396 haec
1427 2327 1502 2410 culpa

265 2467 300 2513 ao
322 2453 383 2514 non
411 2447 535 2512 illorum
564 2446 659 2526 esset,
689 2445 741 2530 qui
770 2445 809 2511 ad
838 2465 927 2512 suam
954 2446 1147 2530 impietatem
1177 2445 1389 2513 sustinendam
1416 2443 1503 2509 vestro

265 2563 367 2630 favore
388 2563 419 2630 et
440 2563 563 2629 nomine
585 2562 759 2628 abutuntur.
806 2559 865 2629 Sed
889 2563 916 2629 si
938 2563 1057 2630 medius
1081 2563 1168 2630 robis
1198 2581 1260 2630 non
1289 2562 1391 2646 placet
1417 2561 1503 2632 locos

265 2680 339 2746 baec
368 2680 441 2745 urbs
465 2678 496 2744 et
525 2677 808 2746 commodissimum
831 2679 861 2744 et
883 2679 1015 2745 maxime
1046 2681 1186 2746 securum
1215 2679 1438 2762 receptaculum
1456 2677 1502 2750 est

266 2796 305 2861 ad
327 2791 428 2879 quarn,
451 2789 482 2860 et
502 2793 557 2879 qui
579 2793 735 2877 opiniones
757 2793 834 2860 istas
858 2795 936 2860 tueri
960 2795 1108 2874 statuunt,
1136 2796 1168 2862 et
1189 2812 1264 2879 quos
1288 2813 1343 2861 ros
1365 2793 1502 2860 destinare

266 2932 335 2978 cum
351 2911 415 2978 illis
432 2909 588 2978 uolueritis
604 2910 689 2976 omni
703 2929 773 2976 cum
788 2911 889 2994 gratia
904 2911 935 2977 et
949 2910 1140 2996 benignitate
1155 2913 1267 2988 nostra,
1283 2912 1408 2995 accepta
1423 2909 1503 2976 etiarn

267 3027 351 3094 omni
372 3027 432 3092 fide
455 3025 627 3093 recantatis
651 3045 730 3106 suae,
754 3027 841 3092 nobis
866 3027 1070 3111 sponsoribus,
1093 3028 1125 3092 et
1147 3026 1368 3110 protectoribus
1390 3025 1503 3111 possunt

267 3143 421 3219 accedere3
445 3142 480 3208 ut
495 3160 598 3225 aequo,
620 3141 729 3226 pioque
743 3141 855 3209 iudicio
878 3141 991 3208 venus
1007 3141 1094 3208 vobis
1110 3143 1241 3219 erucas,
1264 3161 1321 3208 nos
1336 3142 1420 3208 enim
1433 3139 1505 3206 nullo

266 3258 335 3327 odio
358 3277 413 3324 nec
434 3257 608 3342 cupiditate,
632 3257 685 3323 sed
707 3259 829 3325 tantum
852 3258 953 3325 studio
976 3261 1006 3324 at
1035 3278 1137 3326 amore
1160 3261 1278 3325 vestrae
1307 3259 1419 3324 salutm
1439 3257 1505 3323 hanc

267 3393 333 3442 rem
356 3373 442 3441 robis
464 3373 611 3440 declarari
634 3374 781 3458 cupimus.
827 3372 883 3440 Cui
905 3375 1029 3459 negocio
1053 3375 1081 3440 si
1096 3393 1149 3441 ros
1172 3373 1337 3460 diligentes
1361 3377 1393 3440 et
1415 3373 1504 3440 facila

267 3489 457 3576 prebueritis,
480 3509 515 3555 ac
537 3489 576 3554 ad
598 3509 654 3556 nos
678 3489 741 3555 veri
763 3490 860 3572 patris
883 3490 985 3556 animo
1008 3489 1237 3556 amantissimos
1252 3489 1356 3567 vestri,
1381 3487 1505 3574 prompte

267 3607 464 3684 accesseritis,
487 3625 547 3671 non
570 3605 669 3671 solum
691 3606 896 3689 pecuniarum,
927 3620 1009 3691 quas·
1026 3607 1111 3672 vobis
1135 3605 1277 3690 allegatis
1307 3605 1436 3684 debitas,
1462 3601 1505 3668 sed

268 3721 406 3790 omnium
429 3721 643 3790 beneficiomm
673 3739 748 3805 quae
772 3739 790 3786 a
812 3723 916 3787 nostra
938 3719 1122 3788 liberalitate
1151 3720 1302 3807 proticisci
1323 3717 1506 3806 poteruntin

268 3857 322 3906 vos
345 3839 601 3918 conferendorum,
624 3836 828 3904 iustissimam
851 3837 939 3904 nobis
962 3840 993 3906 et
1022 3835 1271 3905 honestissimam
1295 3837 1411 3906 dabitis
1431 3853 1505 3902 ocra·

270 3954 394 4035 sionem,
424 3974 460 4021 ac
481 3974 513 4022 re
536 3953 603 4038 ipsa
632 3953 820 4038 cognoscetis
849 3955 881 4020 et
903 3953 1106 4040 experiemini,
1135 3973 1190 4020 uos
1212 3953 1246 4018 in
1274 3954 1379 4020 vestro
1401 3952 1506 4020 uma

270 4070 416 4150 amicitia,
437 4069 624 4150 fortitudine,
647 4089 708 4136 non
730 4069 912 4137 mediocrem
942 4071 1060 4156 partem
1082 4071 1204 4136 noemae
1227 4069 1258 4136 et
1281 4067 1411 4136 Sanctae
1433 4065 1506 4134 Sedis

270 4184 452 4268 apostolicae
475 4185 637 4270 dignitatis
652 4184 787 4270 positam
809 4185 840 4251 et
863 4187 1042 4252 collocatam
1065 4184 1175 4252 habere
1194 4185 1279 4252 velle.
1325 4185 1438 4252 Datum
1453 4184 1505 4248 uo·

272 4317 340 4366 mae
362 4299 417 4365 etc.
462 4299 557 4366 Foris.
602 4297 693 4367 mdxr
716 4352 723 4367 .
748 4353 754 4368 .
778 4319 857 4367 anno
879 4301 978 4371 tertio.
