3192 4930
592 311 813 380 ..⁴¹17-

170 511 233 591 ,aa
246 509 452 595 intelligimus
465 527 522 576 nos
537 507 660 593 quidem
683 507 722 576 ad
743 509 823 576 hanc
837 529 903 577 rom
924 505 1129 595 peragendam
1143 525 1257 593 magna
1272 505 1328 574 aba

94 629 118 693 ta
136 627 241 694 annila
263 626 362 693 eidem
377 629 455 693 caro
472 625 567 692 hisae
588 624 699 691 oblata
738 622 804 706 Quo
819 627 899 692 certe
914 625 1024 692 nuncio
1037 624 1206 710 plurimum
1221 623 1329 690 luetati

94 763 193 824 sumus,
214 741 445 828 recognovimus
466 740 549 807 enim
571 739 606 806 in
627 740 685 806 hac
700 739 902 808 declaratione
924 743 995 808 tuae
1008 739 1184 818 voluntatis,
1206 757 1326 806 omnem

93 859 167 925 illsrn
187 859 341 938 virinum,
370 875 463 942 qnam
485 857 518 923 in
540 857 572 922 te
595 874 714 941 semper
735 855 937 924 indicarimus
959 855 1135 938 maximum,
1164 855 1328 922 excitatam

93 974 173 1040 triam
193 993 294 1042 amore
316 973 437 1039 divinae
458 971 625 1056 roligionis,
648 972 680 1037 ot
702 972 868 1056 singularis
891 973 961 1038 mae
982 971 1017 1038 in
1038 971 1171 1055 patriam
1193 969 1327 1054 pietatis,

93 1090 133 1154 oni
151 1089 241 1156 etium
262 1089 397 1154 heterna
418 1079 574 1154 intervos
597 1086 787 1154 necessitudo
810 1087 980 1154 fomentum
1001 1083 1220 1172 praestitit‘.¹)
1267 1083 1328 1151 Sed

92 1207 120 1269 ut
139 1205 207 1272 haec
227 1204 348 1282 molius,
371 1203 541 1287 certiusque
563 1204 709 1288 gerantur
731 1221 767 1268 ao
788 1202 953 1288 impiorum
975 1202 1103 1269 consilia
1125 1203 1157 1267 et
1179 1200 1327 1268 factiones

93 1321 189 1386 tenore
209 1319 343 1386 nominis
365 1319 461 1386 vestu
474 1319 685 1398 discutiantur,
708 1317 812 1385 foedus
837 1317 915 1384 illud
937 1319 968 1384 et
983 1317 1095 1384 similis
1110 1315 1329 1401 Batisponensi

93 1434 232 1502 encardia
253 1434 422 1520 plurimum
444 1435 577 1520 protecto
599 1435 647 1500 est
669 1434 834 1520 protutura,
857 1453 949 1519 quem
972 1435 1007 1500 ut
1028 1433 1166 1510 nactam,
1191 1431 1324 1510 suadere,

93 1568 307 1635 promovensque
328 1549 487 1632 studeatis,
510 1567 694 1635 magnopere
723 1548 899 1616 nobilitates
929 1550 1046 1616 rosnae
1068 1548 1103 1615 in
1124 1546 1246 1614 domino
1269 1547 1325 1614 ob·

94 1667 234 1746 eumn,
261 1685 317 1751 pro
344 1667 449 1732 nostra
472 1664 566 1732 etism
588 1666 675 1749 parte
696 1663 909 1749 promittentes
939 1685 994 1732 nos
1016 1664 1174 1733 vobiscum
1203 1665 1326 1730 etcum

93 1779 159 1860 aliis,
179 1783 229 1866 qui
257 1783 333 1848 beno
363 1781 521 1848 sentiendo
549 1780 753 1860 convenerint
783 1780 919 1860 consiliu
949 1783 981 1846 et
1010 1779 1122 1848 auxilia
1144 1781 1249 1847 nostra
1270 1799 1325 1863 pro

94 1892 257 1964 (lomaniae
289 1897 389 1962 salute
419 1899 581 1981 sectaque
611 1895 762 1982 dignitate
799 1895 1089 1972 communicaturum
1122 1895 1201 1962 sicut
1231 1895 1326 1960 latius

94 2011 232 2078 uobiscum
254 2011 384 2078 dilectus
406 2011 489 2078 tilius
512 2012 600 2078 Iaur.
617 2009 800 2097 Campegins
818 2010 982 2078 cardinsrlis
997 2012 1052 2078 otc.
1076 2011 1180 2078 nostro
1202 2009 1325 2077 nomino

94 2143 187 2207 coram,
214 2129 268 2196 aut
297 2147 351 2214 por
379 2129 500 2194 litteras
531 2129 617 2212 aget,
647 2127 696 2192 oui
725 2145 847 2194 omnem
875 2126 966 2194 fidem
998 2126 1175 2192 nobilitatos
1207 2126 1325 2192 restrae

92 2239 267 2310 adhibebunt
319 2242 437 2308 Datum
465 2243 581 2310 Romae
610 2243 665 2309 cto.
703 2241 753 2309 die
782 2241 833 2308 vii
863 2242 1021 2309 Februarii
1050 2241 1168 2308 mlxxv.
1228 2240 1320 2308 nmo

92 2355 210 2424 aoemdo.

165 2497 282 2567 Similia
303 2498 409 2568 bravia
430 2499 529 2566 multo
550 2498 633 2579 flent,
655 2499 784 2567 mutatis
805 2500 911 2585 paucis
934 2499 1125 2586 quibusdam.

675 2749 727 2820 53.

579 2916 816 2992 Grpsontbus.
943 2967 944 2970 ,

164 3067 271 3137 Dilecti
292 3068 360 3135 tilii
401 3069 511 3136 Vester
532 3070 653 3137 animus
669 3072 812 3140 conamus
827 3071 860 3138 ot
873 3087 1022 3156 propensa
1036 3089 1156 3158 semper
1170 3069 1203 3139 in
1219 3069 1248 3138 S.
1265 3069 1322 3140 Se-

88 3176 147 3247 dem
161 3185 356 3268 apostolicam
373 3185 513 3252 voluntas
529 3204 597 3252 eam
611 3205 705 3270 quam
721 3185 774 3253 diu
789 3187 879 3252 antea
894 3186 980 3253 vobis
1003 3187 1212 3256 tribuebamus
1228 3189 1324 3255 etiam

87 3299 231 3382 postpuam
252 3301 292 3366 ud
314 3299 526 3386 pontificatum
548 3301 613 3368 Deo
643 3303 768 3390 vocante
790 3301 930 3370 uenimus
957 3303 1041 3370 aurit
1063 3303 1323 3371 benevolentiam:

88 3428 150 3477 nam
170 3415 200 3479 ot
220 3415 351 3484 multum
373 3416 407 3482 in
429 3417 531 3483 vestm
553 3417 665 3484 virtute
689 3417 753 3502 spei
769 3435 804 3486 ac
823 3417 953 3485 subsidii
975 3419 1025 3485 hie
1040 3419 1218 3504 periculosis
1241 3422 1322 3486 tem-

87 3525 198 3605 poribus
220 3528 288 3598 Sodi
307 3531 491 3616 apostolicae
512 3532 654 3616 ponimus
678 3533 723 3619 (et
744 3533 857 3600 scimus
880 3551 933 3599 vos
956 3533 989 3600 in
1010 3533 1090 3601 hano
1112 3532 1192 3601 Sim
1215 3535 1324 3602 Sedem

87 3640 166 3723 atqru
191 3661 246 3710 nos
268 3665 370 3713 amoro
392 3648 424 3714 st
445 3648 639 3714 observantia
661 3665 728 3715 esse
751 3647 928 3735 propensos)
936 3648 961 3734 ²)
986 3649 1017 3716 st
1040 3651 1153 3717 scimus
1177 3669 1231 3716 vos
1253 3670 1324 3717 cum

87 3757 207 3834 precoro
229 3760 280 3827 illo
302 3761 393 3829 titulo
422 3763 644 3830 ecclesiasticae
674 3762 828 3830 libertatis
857 3763 1050 3832 defensorum
1072 3783 1162 3851 opera
1183 3767 1271 3851 paria
1292 3767 1324 3832 ot

87 3865 157 3936 tuo
176 3874 366 3944 exhibituros.
411 3877 521 3944 Multis
543 3879 640 3964 igitur
667 3898 723 3945 nos
746 3877 906 3946 decausis
929 3899 1005 3963 quae
1027 3881 1185 3966 praecipue
1207 3881 1246 3946 ad
1270 3901 1322 3947 sa·

88 3979 171 4054 luten
193 3991 322 4058 nominis
338 3992 489 4061 Helvetioi
512 3995 543 4061 st
565 4013 758 4061 communem
776 3994 856 4062 inter
879 4013 928 4061 eos
945 3995 1136 4092 concordium
1158 4014 1323 4081 procuran-

168 4255 186 4318 Ι)
203 4259 265 4310 Esco
282 4265 349 4312 rerba
367 4263 449 4312 addita
467 4269 523 4314 sunt
546 4267 640 4314 tantum
665 4266 690 4312 in
713 4265 802 4314 lltterlr
819 4266 898 4314 misal·
921 4269 1021 4325 quatuor
1043 4265 1091 4313 lllls
1109 4267 1149 4325 qul
1168 4266 1325 4326 pronlrernnt

91 4354 195 4406 nonnum.

167 4447 188 4522 ¹)
205 4455 279 4504 Verba
295 4459 359 4507 uncta
376 4459 467 4510 inclusa
485 4459 568 4509 addita
585 4454 643 4508 aaut
660 4473 702 4521 pro
720 4459 854 4509 hominibus
872 4459 913 4509 8³¹
935 4459 1003 4512 Galli.
