3192 4930
643 291 842 352 ..9„.

119 481 157 546 ad
193 479 474 566 circumspectionis
511 482 581 546 tuae
620 481 765 548 virtutem
809 480 950 548 omnibus
989 481 1080 547 rebus
1119 481 1369 565 anteponendam,

117 597 275 664 noluimus
304 597 408 664 tamen
437 597 503 664 sine
524 597 638 666 nostris
662 617 731 664 666
759 595 873 662 litteris
904 596 1006 664 isthuc
1035 598 1154 676 reverti,
1184 615 1369 682 quamquam

117 733 196 800 quae
219 713 349 781 alicuius
371 711 520 780 momenti
542 715 574 779 et
595 712 736 797 ponderis
760 714 892 779 tractata
914 712 945 779 et
967 713 1190 780 communicata
1212 713 1292 780 inter
1314 732 1369 779 nos

115 830 252 898 16166661
274 829 311 894 16
333 828 468 894 1616666
484 847 566 896 esses
582 829 771 896 commodius
786 829 962 895 narrantem
981 829 1156 904 auditurum
1180 829 1370 896 66166666

115 944 437 1014 commemorationem
460 945 558 1011 nostri
580 964 653 1029 erga
670 948 706 1010 -te
728 945 841 1010 amoris
856 945 1032 1028 putavimus
1055 943 1169 1012 nostris
1183 945 1296 1011 litteris
1312 945 1370 1011 tibi

114 1061 327 1145 significatam
349 1061 413 1126 fore
433 1059 648 1128 iucundiorem.
689 1058 772 1128 Scito
795 1061 891 1145 igitur
913 1078 969 1128 nos
991 1060 1192 1144 plurimorum
1215 1063 1247 1128 et
1269 1062 1369 1127 meri·

112 1195 239 1244 morum
262 1176 430 1244 officiorum
452 1195 529 1264 quae
551 1195 605 1260 per
627 1177 660 1242 ta
681 1174 718 1242 16.
734 1195 775 1242 re.
794 1177 894 1242 leone
916 1175 954 1242 11
984 1177 1194 1260 predecessore
1223 1178 1254 1243 et
1276 1178 1369 1244 fratre

112 1291 255 1378 66166616
277 1293 382 1359 nostro
406 1291 508 1358 sedern
523 1292 609 1358 Petri
631 1291 787 1358 obtinente
810 1292 843 1356 in
866 1311 936 1357 curn
958 1291 1061 1375 ipsum
1083 1293 1115 1358 et
1131 1294 1269 1360 sanctem
1291 1293 1370 1359 hanc

113 1409 222 1476 aedem
246 1408 366 1487 collata,
395 1426 430 1474 ae
452 1407 540 1476 nobis
564 1407 638 1474 dum
660 1407 694 1474 in
716 1407 886 1474 minoribns
909 1426 1046 1474 essemus
1069 1407 1217 1492 praestita
1240 1409 1370 1488 fuerunt,

111 1523 301 1592 memoriam
323 1541 392 1589 eam
413 1541 589 1589 conservare
612 1542 704 1608 qnam
727 1525 833 1608 gratae
848 1524 975 1590 naturae
997 1523 1134 1607 probitas
1157 1525 1188 1591 et
1210 1525 1317 1591 multis
1333 1525 1370 1592 de

111 1641 219 1708 censis
236 1639 397 1706 conciliate
412 1639 621 1706 benevolentia
635 1639 780 1722 postulet,
797 1659 975 1736 summeque
990 1642 1093 1724 optare
1108 1640 1144 1705 ut
1158 1639 1232 1706 haec
1247 1643 1369 1707 nostrae

112 1756 283 1841 dignitatis
299 1755 496 1840 amplificatio
518 1755 577 1820 tibi
600 1773 692 1840 aeque
707 1755 867 1821 commoda
890 1774 925 1820 ac
939 1756 1027 1822 nobis
1050 1755 1190 1840 metipsis
1207 1756 1256 1835 611,
1279 1775 1371 1840 quarn

110 1872 309 1939 voluntatem
331 1873 468 1938 nostram
497 1870 587 1938 iactis
610 1871 669 1937 tibi
691 1871 801 1936 melius
825 1889 917 1955 qnam
940 1871 1053 1938 litteris
1075 1871 1279 1938 ostendemus.
1324 1873 1371 1938 De

111 1991 165 2055 his
192 1987 352 2072 speciatim
375 1987 494 2071 egimus
517 2007 588 2053 oum
611 1987 783 2072 supradicto
805 1986 936 2054 Ricardo
958 1989 994 2053 ut
1017 1988 1154 2053 animum
1169 2007 1243 2072 erge
1264 1987 1369 2055 cireen

109 2107 206 2171 tuam
220 2103 361 2170 nostrum
376 2104 498 2186 penitus
514 2103 572 2168 tibi
581 2103 720 2186 aperiret,
736 2121 891 2187 quemnos
907 2103 1063 2169 hominem
1077 2104 1185 2169 multis
1195 2103 1319 2188 quidem
1334 2102 1371 2169 de

108 2219 220 2288 causis
245 2218 440 2303 singrdaritor
464 2217 624 2303 diligimus
648 2219 697 2284 rel
720 2220 843 2303 propter
864 2218 987 2285 laudem
1008 2219 1126 2304 ingenii
1141 2237 1175 2286 ac
1198 2219 1370 2286 litterarum

108 2355 213 2421 qnam
236 2335 331 2402 etiam
357 2334 391 2400 in
412 2334 470 2400 hac
491 2335 565 2400 urbe
587 2333 668 2418 apud
690 2353 795 2400 omnes
818 2333 922 2401 doctos
945 2335 1089 2402 eximiam
1112 2337 1290 2402 consecutus
1312 2337 1368 2416 est,

107 2453 163 2520 vel
190 2450 272 2535 qnod
292 2449 443 2534 probitate
464 2449 614 2516 fidelitate
635 2449 797 2534 prudentie
819 2450 852 2516 in
874 2451 965 2517 rebus
981 2451 1092 2517 restris
1115 2453 1146 2518 et
1169 2451 1219 2516 hic
1242 2453 1273 2518 et
1295 2451 1371 2518 alibi

108 2567 303 2650 ubicumque
324 2565 465 2632 16116116
480 2565 679 2633 eumrerseri
697 2565 827 2651 contigit
842 2567 929 2634 nobis
952 2568 1042 2652 plane
1061 2567 1211 2632 satisfecit
1234 2568 1287 2634 sed
1309 2568 1369 2634 ali·

106 2683 234 2771 quanto
256 2681 351 2748 etiam
371 2681 505 2766 amplius
527 2682 608 2766 quod
629 2682 663 2747 in
679 2700 815 2748 sermone
830 2681 942 2764 nostro,
966 2683 1141 2750 sitientibus
1157 2683 1245 2750 nobis
1267 2684 1371 2752 audire

106 2801 150 2868 de
167 2799 212 2878 16,
228 2795 330 2864 66616
344 2797 424 2864 mihi
438 2799 492 2863 166
500 2797 681 2881 plenissima
696 2797 863 2888 sapientiae
877 2799 909 2865 61
923 2799 1086 2884 muntia
1101 2819 1171 2866 oum
1187 2819 1242 2866 666
1257 2819 1372 2886 magna

105 2913 276 2998 uoluptate
297 2911 448 2980 narrabat.
492 2911 594 2998 Igitur
615 2912 655 2978 ad
669 2912 801 2999 reliques
824 2913 958 2982 rationes
975 2914 1074 2982 nostri
1095 2915 1128 2982 in
1143 2915 1234 2982 illum
1256 2915 1370 2984 amoris

105 3035 195 3100 haec
215 3048 334 3115 quoque
354 3027 515 3114 praecipua
537 3029 665 3096 accessit
687 3029 768 3115 quod
789 3029 995 3098 intelleximus
1018 3030 1123 3098 61666.
1146 3033 1232 3097 1666
1254 3030 1370 3097 nonin

106 3164 222 3215 amore
246 3144 345 3212 solnm
365 3144 415 3210 1111
437 3143 490 3212 sed
512 3143 606 3212 61166
631 3143 665 3210 16
686 3143 888 3210 admiratione
917 3164 992 3228 esse,
1015 3145 1095 3230 quod
1117 3145 1276 3230 praecipue
1300 3145 1371 3214 sede

104 3261 248 3330 recente
274 3260 416 3327 omnibus
444 3259 584 3344 operibus
614 3259 647 3325 in
677 3261 820 3327 honorem
849 3263 938 3327 tuum
966 3261 1114 3326 indicarit
1149 3263 1202 3326 166
1237 3260 1368 3328 circum-

106 3377 243 3466 spectio.
266 3377 310 3444 Ut
333 3395 420 3442 suam
435 3394 507 3460 erga
529 3394 585 3441 nos
608 3376 785 3459 perpetuam
808 3375 1051 3442 benevolentiam
1072 3377 1229 3442 conservet
1251 3375 1288 3442 de
1310 3395 1370 3460 qua

106 3494 208 3562 nobis
231 3492 335 3559 omnia
358 3491 418 3556 sibi
439 3489 626 3575 polliceatur,
649 3509 832 3575 magnopere
861 3491 949 3557 illam
979 3492 1012 3557 in
1041 3491 1172 3557 Domino
1202 3491 1369 3572 hortamur,

106 3609 200 3677 sicut
214 3607 253 3672 de
266 3607 316 3672 his
338 3606 436 3672 eidem
450 3605 581 3673 Ricardo
597 3606 699 3672 nostro
715 3606 837 3673 nomine
858 3606 996 3674 narranti
1011 3607 1103 3673 fidem
1118 3607 1230 3690 poterit
1244 3605 1370 3672 habere:

105 3725 237 3793 Datum
258 3723 380 3788 Romae.
425 3721 483 3788 Die
505 3721 560 3789 iiii.
582 3720 689 3788 Martii
710 3721 840 3790 mdxxiv.
885 3722 975 3789 Anno
995 3723 1103 3808 primo.

106 3950 211 4000 666166
225 3945 339 3996 (1616161
356 3959 382 3997 ae
398 3947 508 4008 praebuit
524 3948 550 3996 61
561 3945 734 3996 matrimonium
752 3947 815 3996 inter
832 3945 957 3997 Hanrlcum
974 3949 1000 3997 61
1017 3945 1166 3997 murenam
1179 3946 1307 4004 16666166
1323 3961 1370 3998 666

105 4048 175 4098 nais
194 4043 289 4094 1616166
306 4047 351 4104 est,
369 4045 415 4092 166
433 4045 508 4105 ipsius
532 4045 643 4093 scindent
663 4045 692 4092 ab
711 4045 780 4092 161116
805 4058 830 4093 aa
848 4047 1029 4106 6666666611,
1049 4046 1155 4104 quamvis
1178 4045 1261 4094 161616
1280 4045 1370 4095 Annam

106 4145 206 4201 1161666
223 4142 526 4204 11661616666116161166
544 4154 651 4204 6666666,
673 4143 819 4203 1661666116
842 4143 949 4192 omnibns
966 4144 1034 4194 bonis
1056 4144 1171 4205 66611616
1195 4143 1267 4195 erret.
1303 4142 1370 4191 Anti-

105 4257 186 4304 quam
198 4245 278 4291 16666
296 4241 409 4290 emam
421 4241 543 4303 recipiens,
564 4242 724 4303 episcopatum
743 4254 809 4290 snum
825 4241 991 4292 1166666666
1010 4244 1065 4291 166
1076 4243 1135 4291 1666
1147 4241 1215 4301 rasit,
1228 4242 1258 4290 61
1271 4241 1370 4302 ceptlri-

107 4344 191 4392 utem
209 4341 301 4401 uptus,
320 4339 383 4400 apud
403 4339 554 4391 1616616166
570 4341 650 4389 morbo
668 4341 787 4390 mntectnr
806 4353 868 4390 anno
889 4341 957 4393 1510
979 4340 1093 4391 6616161166
1110 4342 1136 4392 et
1153 4341 1191 4403 ple
1210 4339 1270 4390 (1166
1289 4352 1370 4402 snpra·

105 4455 176 4492 inum
197 4440 266 4489 61111.
