3152 4902
585 346 827 410 -119-

90 541 148 607 irati
169 541 350 608 confidimus
374 560 435 608 non
451 542 549 606 solum
565 540 604 606 ad
619 537 757 606 Caesaris
771 539 868 623 ipsius
891 537 1123 622 amplitudinem
1140 537 1170 602 et
1193 535 1331 621 gloriam,

89 657 132 722 sed
159 657 199 723 ad
228 657 322 723 totius
352 657 535 722 christianae
558 655 739 740 reipublicae
769 655 953 720 salutemet
981 653 1146 718 utilitatem
1178 651 1329 718 redunda-

90 775 179 840 turam
203 793 278 839 esse.
324 773 361 838 In
384 791 442 858 quo
465 774 599 856 preclaro
630 791 716 856 opere
740 773 771 837 et
794 790 917 835 munere
940 773 1010 835 tuae
1033 769 1180 836 bonitatis
1203 770 1234 834 et
1255 788 1329 852 pru-

88 888 197 954 dentiae
221 891 322 973 partas
345 907 406 953 non
434 888 599 953 mediocres
622 887 741 953 futurae
772 889 851 951 sunt.
907 884 966 951 Sed
989 887 1062 951 haee
1092 904 1167 970 quae
1191 885 1330 969 pluribus

89 1005 178 1070 serbis
200 1004 374 1088 exponenda
396 1006 499 1070 essent
521 1004 641 1070 brevius
664 1003 861 1086 attingemus,
884 1022 978 1084 quum
1000 1001 1102 1085 ipsum
1124 1002 1172 1066 do.
1196 1001 1328 1066 Bartho-

86 1120 211 1185 lomeum
233 1120 394 1185 habiturus
410 1120 441 1184 et
456 1119 593 1186 omnium
616 1117 752 1202 apprime
775 1137 876 1182 rerum
893 1116 1085 1194 insinuatum,
1109 1117 1161 1200 qui
1184 1135 1328 1182 unacum

87 1236 187 1302 diecto
209 1236 273 1302 filio
296 1235 393 1301 nobili
415 1235 480 1300 viro
504 1235 579 1300 duce
602 1233 730 1300 Suessae
760 1235 915 1318 egregiam
946 1252 1067 1317 operam
1091 1235 1122 1298 et
1145 1232 1328 1298 industriam

87 1351 120 1416 ad
134 1351 347 1417 conficiendam
364 1351 442 1416 hanc
452 1351 588 1417 nostram
598 1351 839 1416 coniunctionem
855 1348 1003 1424 adhibuit
1019 1349 1104 1414 cuins
1119 1348 1329 1432 integritatem

86 1469 112 1531 et
132 1467 323 1551 pmdentiam
346 1467 408 1532 nisi
430 1486 549 1532 summe
569 1466 824 1551 probavissemus,
847 1465 1040 1530 misissemus
1063 1463 1196 1547 aliquem
1219 1483 1254 1529 ex
1270 1484 1326 1529 no-

87 1583 160 1661 stris,
182 1583 234 1648 sed
256 1603 291 1649 eo
315 1603 375 1649 uno
390 1583 505 1648 inimus
528 1583 678 1657 contenti3
702 1581 750 1646 eui
765 1583 797 1646 et
818 1580 870 1646 dil.
887 1581 916 1646 fi.
933 1579 1127 1645 Balthassari
1149 1577 1327 1645 Castilionio

87 1699 185 1764 nuncio
207 1702 311 1764 nostro
341 1700 376 1764 ut
404 1697 523 1763 devotio
546 1699 600 1763 tna
629 1697 721 1763 iidem
744 1715 865 1762 omnem
889 1697 1001 1762 habeat
1029 1695 1117 1760 illam
1140 1693 1172 1760 in
1194 1694 1327 1761 Domino

85 1831 255 1898 magnopere
285 1813 491 1879 adhortamur.
543 1813 659 1878 Datum
689 1813 803 1879 Romae
832 1813 888 1877 eto.
918 1811 968 1877 die
996 1811 1038 1876 ιιι.
1062 1810 1178 1894 Aprilis
1208 1809 1326 1876 mdnxr.

84 1929 164 1996 auno
186 1928 323 1996 secundo.

673 2189 724 2256 88.

602 2351 795 2413 Caesari

162 2507 326 2574 Carissimo
347 2505 380 2573 in
403 2504 524 2571 Christo
547 2505 593 2570 iili
616 2509 717 2572 noster
740 2507 871 2572 salutem
887 2507 942 2570 etc.
988 2503 1136 2586 Magnum
1153 2524 1171 2569 a
1186 2505 1249 2570 Deo
1268 2505 1322 2569 be·

83 2623 211 2690 neficium
226 2623 363 2708 qnotidie
377 2621 478 2706 magis
495 2623 644 2687 sentimus
666 2621 745 2705 quod
762 2623 875 2686 roureto
891 2621 975 2686 omni
997 2619 1214 2705 impedimento
1233 2625 1324 2705 atquo

82 2738 156 2805 olrice
182 2739 339 2824 indulgere
375 2739 519 2822 perpetuo
547 2740 651 2804 nostro
681 2739 711 2804 et
742 2757 862 2803 summo
898 2737 996 2802 amori
1024 2757 1097 2822 erga
1127 2737 1321 2805 serenitatem

82 2857 217 2933 tuamet
239 2855 298 2920 tibi
320 2853 386 2920 sine
408 2853 471 2919 ullo
495 2854 635 2938 sempulo
658 2853 810 2920 coniuncti
832 2873 899 2919 esse
914 2872 1082 2937 possemus.
1128 2853 1209 2920 Nam
1229 2873 1320 2938 supe-

82 2966 199 3036 rioribus
227 2969 334 3036 diebus
358 2967 518 3034 Gallorum
547 2969 683 3035 tumultu
706 2971 737 3034 et
766 2972 878 3035 terrore
901 2969 1025 3034 ltaliam
1048 2971 1220 3054 occupante,
1250 2990 1319 3036 curn

82 3084 202 3164 guriter
222 3086 312 3152 nobis
334 3104 388 3168 pro
404 3085 508 3149 nostra
530 3085 561 3150 et
576 3085 675 3150 status
698 3085 897 3150 ecclesiastici
912 3085 1122 3150 incolumitate
1145 3086 1226 3150 esset
1249 3104 1318 3168 pcr-

82 3198 297 3279 tr‘mescendnm
321 3201 495 3285 vigeretqne
518 3199 551 3265 in
574 3200 686 3265 animis
716 3202 854 3266 omnium
876 3200 977 3283 opinio
1001 3220 1061 3266 non
1083 3219 1172 3284 posse
1194 3201 1319 3266 illorum

82 3313 184 3381 viribus
206 3316 322 3382 diutius
346 3315 457 3394 resisti
480 3315 574 3382 aliam
597 3317 751 3402 quandam
773 3318 922 3382 rationem
946 3315 1167 3400 componendae
1190 3318 1222 3382 et
1244 3335 1317 3381 con-

81 3428 215 3498 ciliandae
237 3432 321 3516 pacis
344 3431 539 3508 tentavimus,
562 3449 617 3497 nec
631 3450 723 3516 quam
747 3433 887 3498 voluntas
903 3431 991 3498 nobis
1014 3433 1126 3510 nostra,
1150 3431 1202 3498 sed
1225 3451 1316 3515 quam

81 3547 237 3629 temporum
267 3546 435 3612 difficultas
457 3547 696 3630 praescribebat
726 3566 818 3631 quarn
849 3567 918 3612 cum
948 3547 1117 3632 transigere
1140 3549 1171 3612 et
1200 3547 1317 3614 efficere

80 3677 132 3724 non
146 3681 308 3745 possemus,
332 3662 376 3728 sie
399 3661 499 3727 visum
522 3661 581 3727 init
596 3662 683 3728 nobis
706 3665 810 3728 nostro
827 3665 858 3728 et
877 3661 964 3729 Sedis
987 3663 1170 3747 apostolicae
1184 3664 1316 3748 periculo

79 3793 137 3840 osse
158 3777 381 3861 providendum,
404 3779 438 3842 ut
454 3778 647 3844 securitatem
671 3779 709 3844 ab
732 3779 799 3862 ipso
821 3798 892 3863 rege
908 3779 1091 3845 Francorum
1114 3799 1315 3863 quereremus,

80 3888 260 3978 uicissimque
282 3911 351 3960 cam
374 3893 421 3958 illi
450 3912 505 3957 nos
528 3892 725 3973 traderemus,
749 3912 838 3958 nemo
862 3896 909 3959 est
931 3896 1065 3978 profecto
1088 3915 1158 3960 cunr
1180 3895 1314 3980 equitate

81 4002 211 4086 indens,
232 4010 284 4093 qui
306 4008 383 4074 illud
400 4007 560 4073 consilium
580 4027 641 4074 non
663 4009 787 4074 cautum
802 4011 833 4075 et
848 4011 1053 4077 necessarium
1076 4011 1183 4076 debeat
1205 4011 1312 4078 eristi-

83 4135 163 4200 nrare,
182 4125 251 4208 qnid
266 4123 349 4190 enim
364 4125 501 4189 futumm
524 4127 605 4190 esset
619 4124 755 4190 divinare
770 4145 859 4191 nemo
883 4129 1007 4210 poterat.
1038 4127 1058 4191 J
1062 4126 1193 4192 odicium
1210 4129 1312 4194 antem

84 4231 133 4298 Dei
153 4238 297 4320 altissimi,
320 4243 481 4324 postquam
510 4239 539 4304 is
562 4239 681 4305 meliori
709 4239 798 4306 modo
822 4242 853 4306 et
875 4242 924 4306 via
953 4241 1073 4326 pooiet
1095 4242 1310 4326 tranquillitat'

84 4345 178 4418 ltaliae
197 4355 348 4422 consulere
371 4353 475 4432 voluit,
499 4355 600 4440 magis
622 4357 785 4440 probatum
807 4357 875 4435 tuit
897 4359 1094 4441 posteaquam
1117 4357 1232 4423 iactum
1255 4360 1311 4438 est,

83 4481 164 4543 quam
188 4473 262 4538 osset
291 4473 381 4538 antea
411 4471 573 4555 speratum.
628 4471 740 4544 Noster
769 4472 892 4557 quidem
922 4473 1087 4559 singularis
1118 4475 1149 4540 et
1180 4474 1309 4542 eximius
