3152 4902
557 301 801 370 -125-

68 497 213 582 aeqritatis
236 501 268 565 et
291 497 404 565 amoris
434 518 492 584 quo
515 500 594 566 hanc
617 497 762 566 Sanctam
786 499 895 568 Sedern
917 497 1145 584 prosequimini,
1169 497 1302 582 accipere

66 613 253 698 iuoptimam
275 617 403 699 purtem,
426 616 585 700 magisque
607 615 783 681 necessitati
812 635 903 700 quam
926 615 1077 681 voluntati
1099 615 1221 681 nostrae
1244 615 1300 682 ad·

68 731 181 796 suibere
209 750 280 797 oum
302 729 364 797 ista
395 731 503 797 civitas
527 733 558 797 et
580 733 663 798 totus
686 733 814 816 populus
837 751 873 797 ac
896 733 1032 797 restrum
1055 731 1192 796 omnium
1216 733 1300 798 salus

67 850 91 910 et
109 847 305 913 commoditas
328 849 360 914 et
374 847 416 912 sit
438 847 526 913 nobis
549 849 581 914 et
602 847 705 914 futura
728 847 771 913 sit
792 867 912 931 semper
933 847 1076 931 inprimis
1100 847 1197 924 cordi;
1220 846 1300 932 quod

67 965 133 1028 certe
147 962 182 1028 dc
197 963 285 1030 uobis
302 963 414 1029 sentire
436 965 468 1029 et
482 963 656 1030 existimare
672 963 789 1029 debetis
805 964 890 1029 euius
914 962 1010 1028 animi
1025 963 1123 1028 nostri
1138 963 1300 1048 aliquando

66 1077 216 1144 maioribus
238 1079 273 1144 in
296 1079 384 1144 rebus
413 1079 601 1163 cognoscetis
624 1079 774 1157 allectum,
782 1079 806 1164 ¹)
840 1078 918 1143 sicut
947 1077 1033 1145 robis
1063 1079 1176 1144 nostris
1200 1078 1300 1144 verbis

64 1193 169 1274 plenius
189 1193 337 1260 edisseret
357 1195 440 1260 idem
461 1193 509 1260 Jo.
525 1194 687 1278 Philippus
709 1195 758 1260 cui
780 1193 872 1260 iidem
894 1193 1055 1260 habebitis.
1101 1194 1217 1259 Datum
1235 1195 1299 1260 Rc-

64 1327 121 1374 mae
141 1309 188 1375 die
209 1309 248 1376 in
272 1310 389 1394 Aprilis
413 1309 531 1376 mduv.
575 1311 665 1378 Amic
688 1309 826 1376 secundo.

141 1539 282 1626 Sequitur
311 1542 441 1626 epistola
469 1540 605 1608 eiusdem
628 1542 690 1608 diei
711 1545 742 1608 et
764 1541 837 1608 anni
859 1541 990 1628 viceregi
1012 1541 1158 1626 Neapolis
1188 1543 1302 1627 scripta

64 1676 111 1738 quc
132 1657 271 1740 pontifex,
295 1659 400 1724 orante
422 1657 571 1724 cardinali
603 1657 818 1742 Ipporegiensi,
841 1657 1027 1723 Ludcvicum
1050 1659 1081 1723 et
1095 1658 1300 1726 Philibertum

65 1772 169 1838 l‘iesclri
189 1774 384 1840 commendat
406 1793 517 1858 rogans
535 1775 570 1839 ut
590 1773 655 1839 illis
677 1773 873 1839 medietatem
891 1773 1054 1840 comitatus
1069 1772 1240 1839 Massemni
1262 1775 1301 1840 ab

64 1887 119 1970 ipso
139 1890 272 1974 vicerege
295 1889 368 1954 fiseo
391 1890 604 1969 adiudicatam,
627 1889 813 1954 restituatur.

140 2121 342 2206 Hiemnymus
365 2121 401 2187 de
417 2120 554 2188 Ferraria
568 2121 650 2206 prior
666 2119 716 2187 su
735 2119 874 2187 Honoirii
897 2119 934 2185 de
949 2121 1023 2185 urbe
1037 2118 1199 2204 deputatur
1214 2139 1299 2185 ecm-

64 2235 208 2302 missorius
238 2237 278 2303 ad
309 2237 476 2302 vocandum
499 2240 531 2303 et
558 2236 793 2304 examinandum
823 2237 1010 2320 Baphuelem
1041 2236 1077 2300 de
1100 2237 1195 2319 Papia
1225 2236 1299 2304 dicti

64 2350 163 2417 ordinis
185 2353 320 2419 fratrem.
366 2373 392 2418 r.
415 2353 531 2437 Aprilis
554 2352 671 2418 mdxxv.

510 2583 609 2650 Duei
632 2583 836 2650 Borbonis.

139 2700 291 2766 laudibus
314 2701 460 2767 extollens
483 2699 617 2784 pontifex
639 2700 705 2766 eius
728 2699 906 2784 religionem
929 2699 962 2764 in
977 2699 1077 2764 Deum
1100 2699 1178 2765 etin
1201 2698 1299 2784 ipsius

66 2813 175 2881 ucarics
197 2816 432 2896 observantium,
455 2817 578 2882 excusat
600 2835 632 2882 se
655 2816 694 2881 ab
716 2813 906 2882 admittenda
936 2814 1002 2879 eius
1024 2814 1178 2898 petitione,
1201 2814 1299 2900 quoad

66 2933 285 2999 reservationem
295 2933 439 2998 ecclesiae
453 2931 605 3017 Aquensis
620 2930 808 3017 aliorumque
823 2930 1045 3009 beneficiorum,
1069 2929 1101 2995 id
1116 2951 1211 2996 unum
1227 2949 1297 3014 pro·

67 3046 175 3114 mittens
197 3068 238 3126 sc,
261 3047 441 3114 adveniente
456 3047 623 3114 vacationis
637 3066 718 3128 casu,
741 3047 806 3113 eius
821 3046 988 3112 voluntatis
1005 3046 1135 3112 libenter
1150 3046 1297 3112 mtionem

67 3159 232 3230 habiturum
279 3164 338 3229 Die
360 3164 418 3229 rix.
441 3163 558 3247 Aprilis
581 3162 700 3229 mdxxv.
745 3162 834 3228 Anno
859 3161 998 3228 secundo.

647 3424 699 3490 93.

109 3587 234 3650 Dilecto
257 3591 330 3650 iiiio
355 3594 481 3648 nostro
505 3589 673 3648 Erhardo
697 3591 749 3646 tit.
776 3587 809 3648 S.
833 3587 1022 3660 Grisogoni
1046 3587 1251 3647 presbitero

474 3703 652 3763 cardinali
677 3703 871 3762 Leodiensi.

141 3857 252 3926 Dilecta
274 3859 309 3925 in
323 3857 444 3924 Christo
467 3857 514 3924 fili
527 3859 628 3924 noster
644 3858 700 3923 ete.
746 3855 789 3921 Er
805 3854 926 3940 regione
942 3854 1122 3922 Hollaudiue
1138 3856 1169 3921 et
1184 3857 1297 3922 aucum

72 3967 254 4041 adiacentibus
277 3975 352 4041 locis
375 3974 427 4040 dil.
451 3973 483 4038 iu
498 3973 577 4038 Xsto
600 3973 682 4038 tiliae
703 3971 817 4037 nobilis
832 3971 969 4036 mulieris
985 3969 1172 4054 Margaritae
1194 3970 1296 4036 archi-

73 4081 187 4155 dioissae
200 4091 342 4156 Austriae
364 4094 396 4156 et
418 4089 592 4156 comitissae
607 4087 810 4172 Burgundiae,
834 4087 968 4172 quotidie
990 4085 1028 4152 ad
1044 4105 1098 4150 nos
1122 4085 1297 4151 deferuntur

74 4203 187 4280 querelae
208 4206 351 4272 adversus
373 4205 552 4288 complutae,
575 4203 627 4287 qui
649 4203 714 4269 eius
737 4221 813 4288 quae
829 4221 908 4268 nunc
931 4202 1133 4268 debacchatur
1155 4201 1294 4267 hereseos

151 4451 166 4508 *t
184 4457 207 4503 ln
225 4459 330 4516 originali
350 4458 440 4504 minuta
458 4470 500 4517 pro
518 4469 583 4503 roca:
602 4451 719 4521 affatum
738 4453 837 4502 hebetur
855 4455 971 4504 ellectum.
