<?xml version="1.0" encoding="UTF-8"?>
<!DOCTYPE html PUBLIC "-//W3C//DTD XHTML 1.0 Transitional//EN"
    "http://www.w3.org/TR/xhtml1/DTD/xhtml1-transitional.dtd">
<html xmlns="http://www.w3.org/1999/xhtml" xml:lang="en" lang="en">
 <head>
  <title>
</title>
<meta http-equiv="Content-Type" content="text/html;charset=utf-8" />
  <meta name='ocr-system' content='tesseract 3.04.00' />
  <meta name='ocr-capabilities' content='ocr_page ocr_carea ocr_par ocr_line ocrx_word'/>
</head>
<body>
  <div class='ocr_page' id='page_1' title='image "./monumentasaecul00sadogoog_0240.png"; bbox 0 0 3128 4908; ppageno 0'>
   <div class='ocr_carea' id='block_1_1' title="bbox 552 277 798 344">
    <p class='ocr_par' dir='ltr' id='par_1_1' title="bbox 552 277 798 344">
     <span class='ocr_line' id='line_1_1' title="bbox 552 277 798 344; baseline 0 -20"><span class='ocrx_word' id='word_1_1' title='bbox 552 277 798 344; x_wconf 69' lang='lat'>..221-</span> 
     </span>
    </p>
   </div>
   <div class='ocr_carea' id='block_1_2' title="bbox 64 466 1300 652">
    <p class='ocr_par' dir='ltr' id='par_1_2' title="bbox 64 466 1300 652">
     <span class='ocr_line' id='line_1_2' title="bbox 139 466 1300 554; baseline -0.022 3"><span class='ocrx_word' id='word_1_2' title='bbox 139 467 230 554; x_wconf 72' lang='lat' dir='ltr'><strong>Matri</strong></span> <span class='ocrx_word' id='word_1_3' title='bbox 251 469 335 554; x_wconf 72' lang='lat' dir='ltr'><strong>rocio</strong></span> <span class='ocrx_word' id='word_1_4' title='bbox 358 468 618 536; x_wconf 68' lang='lat' dir='ltr'><strong>antumant</strong></span> <span class='ocrx_word' id='word_1_5' title='bbox 642 505 686 517; x_wconf 87' lang='grc'>-</span> <span class='ocrx_word' id='word_1_6' title='bbox 709 466 883 537; x_wconf 69' lang='lat' dir='ltr'><strong>canuno</strong></span> <span class='ocrx_word' id='word_1_7' title='bbox 905 467 942 534; x_wconf 72' lang='lat' dir='ltr'><strong>uo</strong></span> <span class='ocrx_word' id='word_1_8' title='bbox 965 467 1145 536; x_wconf 67' lang='lat' dir='ltr'><strong>umacus</strong></span> <span class='ocrx_word' id='word_1_9' title='bbox 1167 467 1232 535; x_wconf 81' lang='lat' dir='ltr'><strong>nn</strong></span> <span class='ocrx_word' id='word_1_10' title='bbox 1256 505 1300 516; x_wconf 87' lang='lat'><em>-</em></span> 
     </span>
     <span class='ocr_line' id='line_1_3' title="bbox 64 583 397 652; baseline 0.003 -3"><span class='ocrx_word' id='word_1_11' title='bbox 64 583 163 649; x_wconf 61' lang='lat' dir='ltr'><strong>houm</strong></span> <span class='ocrx_word' id='word_1_12' title='bbox 184 585 232 652; x_wconf 85' lang='lat' dir='ltr'><strong>iio</strong></span> <span class='ocrx_word' id='word_1_13' title='bbox 255 587 288 651; x_wconf 89' lang='lat' dir='ltr'><strong>et</strong></span> <span class='ocrx_word' id='word_1_14' title='bbox 310 603 397 651; x_wconf 87' lang='lat' dir='ltr'><strong>anno.</strong></span> 
     </span>
    </p>
   </div>
   <div class='ocr_carea' id='block_1_3' title="bbox 60 757 1305 3517">
    <p class='ocr_par' dir='ltr' id='par_1_3' title="bbox 497 757 859 967">
     <span class='ocr_line' id='line_1_4' title="bbox 615 757 714 826; baseline -0.061 0"><span class='ocrx_word' id='word_1_15' title='bbox 615 821 618 826; x_wconf 21' lang='lat' dir='ltr'><strong>r</strong></span> <span class='ocrx_word' id='word_1_16' title='bbox 641 757 714 823; x_wconf 70' lang='lat'>170.</span> 
     </span>
     <span class='ocr_line' id='line_1_5' title="bbox 497 893 859 967; baseline 0 -13"><span class='ocrx_word' id='word_1_17' title='bbox 497 895 654 967; x_wconf 73' lang='lat' dir='ltr'><strong>Reginae</strong></span> <span class='ocrx_word' id='word_1_18' title='bbox 675 893 859 954; x_wconf 77' lang='lat' dir='ltr'><strong>Franctae.</strong></span> 
     </span>
    </p>

    <p class='ocr_par' dir='ltr' id='par_1_4' title="bbox 60 1018 1305 3517">
     <span class='ocr_line' id='line_1_6' title="bbox 138 1018 1301 1105; baseline 0.002 -17"><span class='ocrx_word' id='word_1_19' title='bbox 138 1020 312 1088; x_wconf 74' lang='lat' dir='ltr'><strong>Carissimo</strong></span> <span class='ocrx_word' id='word_1_20' title='bbox 358 1018 543 1088; x_wconf 81' lang='lat' dir='ltr'><strong>Gmtissimo</strong></span> <span class='ocrx_word' id='word_1_21' title='bbox 572 1021 683 1088; x_wconf 90' lang='lat' dir='ltr'><strong>nuncio</strong></span> <span class='ocrx_word' id='word_1_22' title='bbox 712 1021 884 1105; x_wconf 82' lang='lat' dir='ltr'><strong>accepimus</strong></span> <span class='ocrx_word' id='word_1_23' title='bbox 913 1019 1094 1088; x_wconf 87' lang='lat' dir='ltr'><strong>charissimo</strong></span> <span class='ocrx_word' id='word_1_24' title='bbox 1122 1021 1156 1088; x_wconf 90' lang='lat' dir='ltr'><strong>in</strong></span> <span class='ocrx_word' id='word_1_25' title='bbox 1179 1019 1301 1090; x_wconf 76' lang='lat' dir='ltr'><strong>Christo</strong></span> 
     </span>
     <span class='ocr_line' id='line_1_7' title="bbox 63 1136 1301 1222; baseline 0.004 -23"><span class='ocrx_word' id='word_1_26' title='bbox 63 1136 115 1201; x_wconf 84' lang='lat' dir='ltr'><strong>titio</strong></span> <span class='ocrx_word' id='word_1_27' title='bbox 135 1139 237 1204; x_wconf 90' lang='lat' dir='ltr'><strong>nostro</strong></span> <span class='ocrx_word' id='word_1_28' title='bbox 251 1137 415 1203; x_wconf 69' lang='lat' dir='ltr'><strong>itancisoo</strong></span> <span class='ocrx_word' id='word_1_29' title='bbox 437 1137 503 1222; x_wconf 78' lang='lat' dir='ltr'><strong>regi</strong></span> <span class='ocrx_word' id='word_1_30' title='bbox 517 1137 702 1203; x_wconf 75' lang='lat' dir='ltr'><strong>Francorum</strong></span> <span class='ocrx_word' id='word_1_31' title='bbox 717 1136 973 1203; x_wconf 83' lang='lat' dir='ltr'><strong>christianissimo</strong></span> <span class='ocrx_word' id='word_1_32' title='bbox 996 1137 1083 1204; x_wconf 87' lang='lat' dir='ltr'><strong>tuam</strong></span> <span class='ocrx_word' id='word_1_33' title='bbox 1106 1137 1301 1204; x_wconf 77' lang='lat' dir='ltr'><strong>serenitatem</strong></span> 
     </span>
     <span class='ocr_line' id='line_1_8' title="bbox 61 1249 1300 1337; baseline 0.002 -22"><span class='ocrx_word' id='word_1_34' title='bbox 61 1249 132 1317; x_wconf 86' lang='lat' dir='ltr'><strong>felici</strong></span> <span class='ocrx_word' id='word_1_35' title='bbox 151 1253 348 1319; x_wconf 88' lang='lat' dir='ltr'><strong>matrimonio</strong></span> <span class='ocrx_word' id='word_1_36' title='bbox 369 1252 465 1319; x_wconf 85' lang='lat' dir='ltr'><strong>fuisse</strong></span> <span class='ocrx_word' id='word_1_37' title='bbox 486 1252 694 1330; x_wconf 70' lang='lat' dir='ltr'><strong>coniunctam</strong></span> <span class='ocrx_word' id='word_1_38' title='bbox 717 1272 788 1319; x_wconf 91' lang='lat' dir='ltr'><strong>cum</strong></span> <span class='ocrx_word' id='word_1_39' title='bbox 810 1251 893 1318; x_wconf 92' lang='lat' dir='ltr'><strong>enim</strong></span> <span class='ocrx_word' id='word_1_40' title='bbox 915 1251 998 1336; x_wconf 83' lang='lat' dir='ltr'><strong>regis</strong></span> <span class='ocrx_word' id='word_1_41' title='bbox 1019 1251 1117 1337; x_wconf 90' lang='lat' dir='ltr'><strong>ipsius</strong></span> <span class='ocrx_word' id='word_1_42' title='bbox 1139 1253 1300 1336; x_wconf 81' lang='lat' dir='ltr'><strong>praesten-</strong></span> 
     </span>
     <span class='ocr_line' id='line_1_9' title="bbox 61 1367 1302 1454; baseline 0.001 -21"><span class='ocrx_word' id='word_1_43' title='bbox 61 1368 202 1435; x_wconf 84' lang='lat' dir='ltr'><strong>t&#39;usimcm</strong></span> <span class='ocrx_word' id='word_1_44' title='bbox 217 1369 365 1435; x_wconf 87' lang='lat' dir='ltr'><strong>virtutem</strong></span> <span class='ocrx_word' id='word_1_45' title='bbox 381 1368 537 1454; x_wconf 77' lang='lat' dir='ltr'>cognitam</span> <span class='ocrx_word' id='word_1_46' title='bbox 559 1369 735 1448; x_wconf 85' lang='lat' dir='ltr'><strong>habeamus,</strong></span> <span class='ocrx_word' id='word_1_47' title='bbox 759 1367 796 1434; x_wconf 76' lang='lat' dir='ltr'><strong>&lt;ie</strong></span> <span class='ocrx_word' id='word_1_48' title='bbox 818 1371 849 1434; x_wconf 91' lang='lat' dir='ltr'><strong>te</strong></span> <span class='ocrx_word' id='word_1_49' title='bbox 872 1386 942 1435; x_wconf 83' lang='lat' dir='ltr'><strong>voro</strong></span> <span class='ocrx_word' id='word_1_50' title='bbox 965 1371 1076 1452; x_wconf 78' lang='lat' dir='ltr'><strong>meque</strong></span> <span class='ocrx_word' id='word_1_51' title='bbox 1091 1367 1252 1452; x_wconf 84' lang='lat' dir='ltr'><strong>prudentia</strong></span> <span class='ocrx_word' id='word_1_52' title='bbox 1270 1371 1302 1434; x_wconf 89' lang='lat' dir='ltr'><strong>et</strong></span> 
     </span>
     <span class='ocr_line' id='line_1_10' title="bbox 61 1483 1302 1570; baseline 0.001 -21"><span class='ocrx_word' id='word_1_53' title='bbox 61 1483 88 1548; x_wconf 91' lang='lat' dir='ltr'><strong>in</strong></span> <span class='ocrx_word' id='word_1_54' title='bbox 107 1483 201 1550; x_wconf 88' lang='lat' dir='ltr'><strong>Deum</strong></span> <span class='ocrx_word' id='word_1_55' title='bbox 225 1485 466 1570; x_wconf 88' lang='lat' dir='ltr'><strong>omnipotentem</strong></span> <span class='ocrx_word' id='word_1_56' title='bbox 488 1485 602 1570; x_wconf 86' lang='lat' dir='ltr'><strong>pietate</strong></span> <span class='ocrx_word' id='word_1_57' title='bbox 624 1503 661 1551; x_wconf 87' lang='lat' dir='ltr'><strong>ac</strong></span> <span class='ocrx_word' id='word_1_58' title='bbox 675 1483 822 1569; x_wconf 87' lang='lat' dir='ltr'><strong>religiono</strong></span> <span class='ocrx_word' id='word_1_59' title='bbox 844 1503 913 1551; x_wconf 87' lang='lat' dir='ltr'><strong>eam</strong></span> <span class='ocrx_word' id='word_1_60' title='bbox 929 1483 1103 1568; x_wconf 84' lang='lat' dir='ltr'><strong>opinionem</strong></span> <span class='ocrx_word' id='word_1_61' title='bbox 1125 1486 1302 1568; x_wconf 84' lang='lat' dir='ltr'><strong>conceptam</strong></span> 
     </span>
     <span class='ocr_line' id='line_1_11' title="bbox 62 1596 1300 1685; baseline 0.003 -23"><span class='ocrx_word' id='word_1_62' title='bbox 62 1596 205 1666; x_wconf 88' lang='lat' dir='ltr'><strong>inanimo</strong></span> <span class='ocrx_word' id='word_1_63' title='bbox 228 1601 405 1680; x_wconf 81' lang='lat' dir='ltr'><strong>habeamus,</strong></span> <span class='ocrx_word' id='word_1_64' title='bbox 432 1619 524 1685; x_wconf 86' lang='lat' dir='ltr'><strong>quem</strong></span> <span class='ocrx_word' id='word_1_65' title='bbox 547 1599 685 1667; x_wconf 89' lang='lat' dir='ltr'><strong>omnium</strong></span> <span class='ocrx_word' id='word_1_66' title='bbox 708 1599 878 1666; x_wconf 86' lang='lat' dir='ltr'><strong>otmmunis</strong></span> <span class='ocrx_word' id='word_1_67' title='bbox 901 1599 1009 1666; x_wconf 84' lang='lat' dir='ltr'><strong>relatio</strong></span> <span class='ocrx_word' id='word_1_68' title='bbox 1034 1601 1066 1667; x_wconf 88' lang='lat' dir='ltr'><strong>ot</strong></span> <span class='ocrx_word' id='word_1_69' title='bbox 1087 1601 1158 1666; x_wconf 86' lang='lat' dir='ltr'><strong>tuce</strong></span> <span class='ocrx_word' id='word_1_70' title='bbox 1180 1601 1300 1684; x_wconf 88' lang='lat' dir='ltr'><strong>preste·</strong></span> 
     </span>
     <span class='ocr_line' id='line_1_12' title="bbox 62 1707 1302 1799; baseline 0.005 -23"><span class='ocrx_word' id='word_1_71' title='bbox 62 1713 127 1778; x_wconf 85' lang='lat' dir='ltr'><strong>ritao</strong></span> <span class='ocrx_word' id='word_1_72' title='bbox 140 1715 274 1782; x_wconf 78' lang='lat' dir='ltr'><strong>actiones</strong></span> <span class='ocrx_word' id='word_1_73' title='bbox 289 1716 378 1781; x_wconf 87' lang='lat' dir='ltr'><strong>nohis</strong></span> <span class='ocrx_word' id='word_1_74' title='bbox 393 1707 596 1796; x_wconf 57' lang='lat' dir='ltr'><strong>insinucmnt„</strong></span> <span class='ocrx_word' id='word_1_75' title='bbox 620 1733 776 1799; x_wconf 85' lang='lat' dir='ltr'><strong>speremus</strong></span> <span class='ocrx_word' id='word_1_76' title='bbox 793 1714 857 1782; x_wconf 90' lang='lat' dir='ltr'><strong>Deo</strong></span> <span class='ocrx_word' id='word_1_77' title='bbox 872 1715 943 1781; x_wconf 84' lang='lat' dir='ltr'><strong>freti</strong></span> <span class='ocrx_word' id='word_1_78' title='bbox 965 1715 1207 1784; x_wconf 88' lang='lat' dir='ltr'><strong>coniunctionem</strong></span> <span class='ocrx_word' id='word_1_79' title='bbox 1222 1715 1302 1782; x_wconf 88' lang='lat' dir='ltr'><strong>hanc</strong></span> 
     </span>
     <span class='ocr_line' id='line_1_13' title="bbox 61 1829 1302 1916; baseline 0.002 -23"><span class='ocrx_word' id='word_1_80' title='bbox 61 1831 182 1895; x_wconf 73' lang='lat' dir='ltr'><strong>vestrm</strong></span> <span class='ocrx_word' id='word_1_81' title='bbox 197 1832 358 1897; x_wconf 84' lang='lat' dir='ltr'><strong>universae</strong></span> <span class='ocrx_word' id='word_1_82' title='bbox 380 1831 565 1898; x_wconf 76' lang='lat' dir='ltr'><strong>christianae</strong></span> <span class='ocrx_word' id='word_1_83' title='bbox 580 1831 763 1916; x_wconf 87' lang='lat' dir='ltr'><strong>reipublicae</strong></span> <span class='ocrx_word' id='word_1_84' title='bbox 786 1829 977 1897; x_wconf 82' lang='lat' dir='ltr'><strong>commodam</strong></span> <span class='ocrx_word' id='word_1_85' title='bbox 999 1832 1030 1898; x_wconf 87' lang='lat' dir='ltr'><strong>et</strong></span> <span class='ocrx_word' id='word_1_86' title='bbox 1046 1831 1212 1897; x_wconf 83' lang='lat' dir='ltr'><strong>salutarem</strong></span> <span class='ocrx_word' id='word_1_87' title='bbox 1230 1831 1302 1910; x_wconf 84' lang='lat' dir='ltr'><strong>fors,</strong></span> 
     </span>
     <span class='ocr_line' id='line_1_14' title="bbox 61 1944 1303 2042; baseline 0.005 -34"><span class='ocrx_word' id='word_1_88' title='bbox 61 1944 219 2031; x_wconf 88' lang='lat' dir='ltr'><strong>liberosque</strong></span> <span class='ocrx_word' id='word_1_89' title='bbox 241 1965 277 2013; x_wconf 83' lang='lat' dir='ltr'><strong>er</strong></span> <span class='ocrx_word' id='word_1_90' title='bbox 300 1947 387 2012; x_wconf 84' lang='lat' dir='ltr'><strong>vohis</strong></span> <span class='ocrx_word' id='word_1_91' title='bbox 409 1947 604 2031; x_wconf 84' lang='lat' dir='ltr'><strong>progenitum</strong></span> <span class='ocrx_word' id='word_1_92' title='bbox 634 1947 673 2012; x_wconf 87' lang='lat' dir='ltr'><strong>iri</strong></span> <span class='ocrx_word' id='word_1_93' title='bbox 695 1947 748 2031; x_wconf 91' lang='lat' dir='ltr'><strong>qui</strong></span> <span class='ocrx_word' id='word_1_94' title='bbox 769 1945 906 2030; x_wconf 87' lang='lat' dir='ltr'><strong>paternis</strong></span> <span class='ocrx_word' id='word_1_95' title='bbox 928 1946 1143 2042; x_wconf 85' lang='lat' dir='ltr'><strong>maternisque</strong></span> <span class='ocrx_word' id='word_1_96' title='bbox 1172 1946 1303 2030; x_wconf 86' lang='lat' dir='ltr'><strong>praediti</strong></span> 
     </span>
     <span class='ocr_line' id='line_1_15' title="bbox 60 2061 1303 2147; baseline 0.001 -20"><span class='ocrx_word' id='word_1_97' title='bbox 60 2061 213 2128; x_wconf 77' lang='lat' dir='ltr'><strong>virtutibus</strong></span> <span class='ocrx_word' id='word_1_98' title='bbox 229 2061 423 2129; x_wconf 85' lang='lat' dir='ltr'><strong>memorabili</strong></span> <span class='ocrx_word' id='word_1_99' title='bbox 445 2062 546 2147; x_wconf 91' lang='lat' dir='ltr'><strong>aliquo</strong></span> <span class='ocrx_word' id='word_1_100' title='bbox 561 2062 705 2128; x_wconf 87' lang='lat' dir='ltr'><strong>beneficio</strong></span> <span class='ocrx_word' id='word_1_101' title='bbox 728 2081 872 2146; x_wconf 87' lang='lat' dir='ltr'><strong>praesens</strong></span> <span class='ocrx_word' id='word_1_102' title='bbox 896 2062 1031 2128; x_wconf 85' lang='lat' dir='ltr'><strong>seculum</strong></span> <span class='ocrx_word' id='word_1_103' title='bbox 1048 2061 1200 2138; x_wconf 83' lang='lat' dir='ltr'><strong>afficiunt;</strong></span> <span class='ocrx_word' id='word_1_104' title='bbox 1223 2062 1303 2147; x_wconf 86' lang='lat' dir='ltr'><strong>quod</strong></span> 
     </span>
     <span class='ocr_line' id='line_1_16' title="bbox 61 2177 1305 2262; baseline 0.002 -22"><span class='ocrx_word' id='word_1_105' title='bbox 61 2178 91 2240; x_wconf 88' lang='lat' dir='ltr'><strong>ut</strong></span> <span class='ocrx_word' id='word_1_106' title='bbox 109 2177 194 2243; x_wconf 83' lang='lat' dir='ltr'><strong>vohis</strong></span> <span class='ocrx_word' id='word_1_107' title='bbox 222 2177 324 2243; x_wconf 90' lang='lat' dir='ltr'><strong>fauste</strong></span> <span class='ocrx_word' id='word_1_108' title='bbox 352 2196 552 2262; x_wconf 87' lang='lat' dir='ltr'><strong>prospereque</strong></span> <span class='ocrx_word' id='word_1_109' title='bbox 574 2177 708 2257; x_wconf 83' lang='lat' dir='ltr'><strong>eveniat,</strong></span> <span class='ocrx_word' id='word_1_110' title='bbox 738 2196 792 2261; x_wconf 92' lang='lat' dir='ltr'><strong>pro</strong></span> <span class='ocrx_word' id='word_1_111' title='bbox 815 2179 920 2244; x_wconf 87' lang='lat' dir='ltr'><strong>nostra</strong></span> <span class='ocrx_word' id='word_1_112' title='bbox 951 2195 1073 2243; x_wconf 87' lang='lat' dir='ltr'><strong>summa</strong></span> <span class='ocrx_word' id='word_1_113' title='bbox 1095 2196 1131 2243; x_wconf 86' lang='lat' dir='ltr'><strong>ac</strong></span> <span class='ocrx_word' id='word_1_114' title='bbox 1154 2177 1305 2262; x_wconf 79' lang='lat' dir='ltr'><strong>singulari</strong></span> 
     </span>
     <span class='ocr_line' id='line_1_17' title="bbox 61 2291 1302 2378; baseline 0.002 -23"><span class='ocrx_word' id='word_1_115' title='bbox 61 2310 124 2376; x_wconf 84' lang='lat' dir='ltr'><strong>erga</strong></span> <span class='ocrx_word' id='word_1_116' title='bbox 145 2296 307 2377; x_wconf 88' lang='lat' dir='ltr'><strong>utrumqne</strong></span> <span class='ocrx_word' id='word_1_117' title='bbox 322 2294 459 2359; x_wconf 78' lang='lat' dir='ltr'><strong>voscmm</strong></span> <span class='ocrx_word' id='word_1_118' title='bbox 481 2293 686 2360; x_wconf 82' lang='lat' dir='ltr'><strong>benivolentia</strong></span> <span class='ocrx_word' id='word_1_119' title='bbox 700 2293 801 2360; x_wconf 89' lang='lat' dir='ltr'><strong>Deum</strong></span> <span class='ocrx_word' id='word_1_120' title='bbox 823 2291 953 2359; x_wconf 88' lang='lat' dir='ltr'><strong>eundem</strong></span> <span class='ocrx_word' id='word_1_121' title='bbox 968 2291 1209 2377; x_wconf 85' lang='lat' dir='ltr'><strong>omnipotentem</strong></span> <span class='ocrx_word' id='word_1_122' title='bbox 1228 2313 1302 2378; x_wconf 91' lang='lat' dir='ltr'><strong>sup·</strong></span> 
     </span>
     <span class='ocr_line' id='line_1_18' title="bbox 61 2406 1303 2495; baseline 0.001 -21"><span class='ocrx_word' id='word_1_123' title='bbox 61 2406 146 2489; x_wconf 84' lang='lat' dir='ltr'><strong>pliocs</strong></span> <span class='ocrx_word' id='word_1_124' title='bbox 168 2409 371 2493; x_wconf 83' lang='lat' dir='ltr'><strong>deprecamur.</strong></span> <span class='ocrx_word' id='word_1_125' title='bbox 416 2408 546 2495; x_wconf 86' lang='lat' dir='ltr'><strong>&#39;libique</strong></span> <span class='ocrx_word' id='word_1_126' title='bbox 576 2409 786 2494; x_wconf 82' lang='lat' dir='ltr'><strong>significamus</strong></span> <span class='ocrx_word' id='word_1_127' title='bbox 809 2408 991 2475; x_wconf 81' lang='lat' dir='ltr'><strong>charissima</strong></span> <span class='ocrx_word' id='word_1_128' title='bbox 1020 2408 1093 2488; x_wconf 81' lang='lat' dir='ltr'><strong>filia,</strong></span> <span class='ocrx_word' id='word_1_129' title='bbox 1124 2408 1246 2495; x_wconf 81' lang='lat' dir='ltr'><strong>siquid</strong></span> <span class='ocrx_word' id='word_1_130' title='bbox 1269 2409 1303 2475; x_wconf 91' lang='lat' dir='ltr'><strong>in</strong></span> 
     </span>
     <span class='ocr_line' id='line_1_19' title="bbox 61 2523 1303 2610; baseline 0.005 -24"><span class='ocrx_word' id='word_1_131' title='bbox 61 2524 140 2589; x_wconf 88' lang='lat' dir='ltr'><strong>nobis</strong></span> <span class='ocrx_word' id='word_1_132' title='bbox 168 2525 216 2591; x_wconf 88' lang='lat' dir='ltr'><strong>est</strong></span> <span class='ocrx_word' id='word_1_133' title='bbox 236 2527 269 2592; x_wconf 90' lang='lat' dir='ltr'><strong>et</strong></span> <span class='ocrx_word' id='word_1_134' title='bbox 291 2525 324 2592; x_wconf 91' lang='lat' dir='ltr'><strong>in</strong></span> <span class='ocrx_word' id='word_1_135' title='bbox 350 2525 409 2590; x_wconf 86' lang='lat' dir='ltr'><strong>hac</strong></span> <span class='ocrx_word' id='word_1_136' title='bbox 432 2523 544 2591; x_wconf 85' lang='lat' dir='ltr'><strong>Sunotu</strong></span> <span class='ocrx_word' id='word_1_137' title='bbox 567 2523 642 2591; x_wconf 83' lang='lat' dir='ltr'><strong>Sede</strong></span> <span class='ocrx_word' id='word_1_138' title='bbox 672 2523 753 2610; x_wconf 85' lang='lat' dir='ltr'><strong>quod</strong></span> <span class='ocrx_word' id='word_1_139' title='bbox 774 2523 834 2591; x_wconf 86' lang='lat' dir='ltr'><strong>tibi</strong></span> <span class='ocrx_word' id='word_1_140' title='bbox 855 2525 887 2590; x_wconf 92' lang='lat' dir='ltr'><strong>et</strong></span> <span class='ocrx_word' id='word_1_141' title='bbox 916 2524 1039 2610; x_wconf 83' lang='lat' dir='ltr'><strong>coniugi</strong></span> <span class='ocrx_word' id='word_1_142' title='bbox 1061 2527 1114 2592; x_wconf 91' lang='lat' dir='ltr'><strong>tuo</strong></span> <span class='ocrx_word' id='word_1_143' title='bbox 1144 2525 1303 2592; x_wconf 82' lang='lat' dir='ltr'><strong>commodo</strong></span> 
     </span>
     <span class='ocr_line' id='line_1_20' title="bbox 60 2629 1303 2726; baseline 0.004 -23"><span class='ocrx_word' id='word_1_144' title='bbox 60 2638 160 2705; x_wconf 86' lang='lat' dir='ltr'><strong>honori</strong></span> <span class='ocrx_word' id='word_1_145' title='bbox 186 2643 217 2707; x_wconf 89' lang='lat' dir='ltr'><strong>at</strong></span> <span class='ocrx_word' id='word_1_146' title='bbox 239 2629 444 2707; x_wconf 81' lang='lat' dir='ltr'><strong>satisfactioni</strong></span> <span class='ocrx_word' id='word_1_147' title='bbox 472 2659 539 2706; x_wconf 87' lang='lat' dir='ltr'><strong>esse</strong></span> <span class='ocrx_word' id='word_1_148' title='bbox 567 2640 674 2725; x_wconf 81' lang='lat' dir='ltr'><strong>possit</strong></span> <span class='ocrx_word' id='word_1_149' title='bbox 703 2659 759 2706; x_wconf 92' lang='lat' dir='ltr'><strong>nos</strong></span> <span class='ocrx_word' id='word_1_150' title='bbox 788 2639 993 2706; x_wconf 85' lang='lat' dir='ltr'><strong>libentissimo</strong></span> <span class='ocrx_word' id='word_1_151' title='bbox 1023 2639 1125 2708; x_wconf 84' lang='lat' dir='ltr'><strong>auimo</strong></span> <span class='ocrx_word' id='word_1_152' title='bbox 1155 2642 1303 2726; x_wconf 88' lang='lat' dir='ltr'><strong>quantum</strong></span> 
     </span>
     <span class='ocr_line' id='line_1_21' title="bbox 61 2754 1304 2835; baseline 0.002 -15"><span class='ocrx_word' id='word_1_153' title='bbox 61 2754 200 2821; x_wconf 87' lang='lat' dir='ltr'><strong>Dominus</strong></span> <span class='ocrx_word' id='word_1_154' title='bbox 223 2755 415 2835; x_wconf 75' lang='lat' dir='ltr'><strong>concesserit</strong></span> <span class='ocrx_word' id='word_1_155' title='bbox 437 2755 548 2822; x_wconf 84' lang='lat' dir='ltr'><strong>vostris</strong></span> <span class='ocrx_word' id='word_1_156' title='bbox 571 2756 650 2822; x_wconf 88' lang='lat' dir='ltr'><strong>votis</strong></span> <span class='ocrx_word' id='word_1_157' title='bbox 673 2756 815 2822; x_wconf 90' lang='lat' dir='ltr'><strong>omnibus</strong></span> <span class='ocrx_word' id='word_1_158' title='bbox 837 2775 905 2822; x_wconf 90' lang='lat' dir='ltr'><strong>esse</strong></span> <span class='ocrx_word' id='word_1_159' title='bbox 927 2756 1130 2823; x_wconf 89' lang='lat' dir='ltr'><strong>obsecuturos.</strong></span> <span class='ocrx_word' id='word_1_160' title='bbox 1176 2755 1225 2823; x_wconf 80' lang='lat' dir='ltr'><strong>hd</strong></span> <span class='ocrx_word' id='word_1_161' title='bbox 1247 2756 1304 2823; x_wconf 90' lang='lat' dir='ltr'><strong>hoc</strong></span> 
     </span>
     <span class='ocr_line' id='line_1_22' title="bbox 62 2870 1303 2956; baseline 0.004 -23"><span class='ocrx_word' id='word_1_162' title='bbox 62 2888 111 2935; x_wconf 85' lang='lat' dir='ltr'><strong>noa</strong></span> <span class='ocrx_word' id='word_1_163' title='bbox 132 2871 265 2938; x_wconf 86' lang='lat' dir='ltr'><strong>officium</strong></span> <span class='ocrx_word' id='word_1_164' title='bbox 288 2890 458 2956; x_wconf 91' lang='lat' dir='ltr'><strong>munusque</strong></span> <span class='ocrx_word' id='word_1_165' title='bbox 480 2870 687 2956; x_wconf 84' lang='lat' dir='ltr'><strong>exequendum</strong></span> <span class='ocrx_word' id='word_1_166' title='bbox 710 2870 891 2937; x_wconf 86' lang='lat' dir='ltr'><strong>miseramus</strong></span> <span class='ocrx_word' id='word_1_167' title='bbox 907 2872 974 2937; x_wconf 90' lang='lat' dir='ltr'><strong>octo</strong></span> <span class='ocrx_word' id='word_1_168' title='bbox 998 2870 1110 2937; x_wconf 88' lang='lat' dir='ltr'><strong>abhinc</strong></span> <span class='ocrx_word' id='word_1_169' title='bbox 1125 2870 1232 2938; x_wconf 86' lang='lat' dir='ltr'><strong>diebus</strong></span> <span class='ocrx_word' id='word_1_170' title='bbox 1250 2871 1303 2938; x_wconf 83' lang='lat' dir='ltr'><strong>uh</strong></span> 
     </span>
     <span class='ocr_line' id='line_1_23' title="bbox 63 2983 1304 3072; baseline 0.003 -22"><span class='ocrx_word' id='word_1_171' title='bbox 63 2983 152 3052; x_wconf 87' lang='lat' dir='ltr'><strong>filium</strong></span> <span class='ocrx_word' id='word_1_172' title='bbox 164 2987 297 3054; x_wconf 88' lang='lat' dir='ltr'><strong>Paulum</strong></span> <span class='ocrx_word' id='word_1_173' title='bbox 314 2987 484 3053; x_wconf 85' lang='lat' dir='ltr'><strong>Victoriam</strong></span> <span class='ocrx_word' id='word_1_174' title='bbox 499 2987 693 3070; x_wconf 88' lang='lat' dir='ltr'><strong>capitaneum</strong></span> <span class='ocrx_word' id='word_1_175' title='bbox 716 2988 890 3053; x_wconf 87' lang='lat' dir='ltr'><strong>nostrarum</strong></span> <span class='ocrx_word' id='word_1_176' title='bbox 906 2986 1087 3066; x_wconf 83' lang='lat' dir='ltr'><strong>triremium,</strong></span> <span class='ocrx_word' id='word_1_177' title='bbox 1109 2988 1304 3072; x_wconf 88' lang='lat' dir='ltr'><strong>quopropter</strong></span> 
     </span>
     <span class='ocr_line' id='line_1_24' title="bbox 64 3100 1304 3189; baseline 0.004 -24"><span class='ocrx_word' id='word_1_178' title='bbox 64 3103 191 3169; x_wconf 86' lang='lat' dir='ltr'><strong>morbum</strong></span> <span class='ocrx_word' id='word_1_179' title='bbox 212 3103 247 3169; x_wconf 90' lang='lat' dir='ltr'><strong>in</strong></span> <span class='ocrx_word' id='word_1_180' title='bbox 269 3103 336 3187; x_wconf 90' lang='lat' dir='ltr'><strong>ipso</strong></span> <span class='ocrx_word' id='word_1_181' title='bbox 359 3103 468 3169; x_wconf 88' lang='lat' dir='ltr'><strong>itinero</strong></span> <span class='ocrx_word' id='word_1_182' title='bbox 489 3102 645 3188; x_wconf 84' lang='lat' dir='ltr'><strong>impedito,</strong></span> <span class='ocrx_word' id='word_1_183' title='bbox 676 3101 830 3168; x_wconf 88' lang='lat' dir='ltr'><strong>mittimus</strong></span> <span class='ocrx_word' id='word_1_184' title='bbox 853 3121 933 3170; x_wconf 89' lang='lat' dir='ltr'><strong>nuuc</strong></span> <span class='ocrx_word' id='word_1_185' title='bbox 955 3101 1008 3168; x_wconf 87' lang='lat' dir='ltr'><strong>dil.</strong></span> <span class='ocrx_word' id='word_1_186' title='bbox 1031 3101 1131 3168; x_wconf 84' lang='lat' dir='ltr'><strong>tilium</strong></span> <span class='ocrx_word' id='word_1_187' title='bbox 1154 3100 1304 3189; x_wconf 85' lang='lat' dir='ltr'><strong>Ocpinum</strong></span> 
     </span>
     <span class='ocr_line' id='line_1_25' title="bbox 63 3215 1303 3304; baseline 0.002 -23"><span class='ocrx_word' id='word_1_188' title='bbox 63 3215 200 3303; x_wconf 71' lang='lat' dir='ltr'><strong>decepis</strong></span> <span class='ocrx_word' id='word_1_189' title='bbox 222 3218 368 3304; x_wconf 81' lang='lat' dir='ltr'><strong>equitem</strong></span> <span class='ocrx_word' id='word_1_190' title='bbox 390 3218 546 3285; x_wconf 91' lang='lat' dir='ltr'><strong>hominem</strong></span> <span class='ocrx_word' id='word_1_191' title='bbox 568 3219 657 3286; x_wconf 92' lang='lat' dir='ltr'><strong>nobis</strong></span> <span class='ocrx_word' id='word_1_192' title='bbox 680 3221 711 3285; x_wconf 90' lang='lat' dir='ltr'><strong>ot</strong></span> <span class='ocrx_word' id='word_1_193' title='bbox 733 3217 793 3285; x_wconf 87' lang='lat' dir='ltr'><strong>fide</strong></span> <span class='ocrx_word' id='word_1_194' title='bbox 816 3219 848 3285; x_wconf 88' lang='lat' dir='ltr'><strong>et</strong></span> <span class='ocrx_word' id='word_1_195' title='bbox 869 3216 1030 3303; x_wconf 84' lang='lat' dir='ltr'><strong>prudentia</strong></span> <span class='ocrx_word' id='word_1_196' title='bbox 1051 3217 1194 3303; x_wconf 89' lang='lat' dir='ltr'><strong>inprimis</strong></span> <span class='ocrx_word' id='word_1_197' title='bbox 1216 3236 1303 3284; x_wconf 89' lang='lat' dir='ltr'><strong>acce-</strong></span> 
     </span>
     <span class='ocr_line' id='line_1_26' title="bbox 64 3332 1301 3419; baseline 0.002 -22"><span class='ocrx_word' id='word_1_198' title='bbox 64 3332 149 3414; x_wconf 84' lang='lat' dir='ltr'><strong>ptum</strong></span> <span class='ocrx_word' id='word_1_199' title='bbox 179 3335 229 3401; x_wconf 90' lang='lat' dir='ltr'><strong>cui</strong></span> <span class='ocrx_word' id='word_1_200' title='bbox 257 3333 352 3400; x_wconf 90' lang='lat' dir='ltr'><strong>latius</strong></span> <span class='ocrx_word' id='word_1_201' title='bbox 375 3335 477 3400; x_wconf 83' lang='lat' dir='ltr'><strong>tecum</strong></span> <span class='ocrx_word' id='word_1_202' title='bbox 498 3333 635 3419; x_wconf 88' lang='lat' dir='ltr'><strong>loquenti</strong></span> <span class='ocrx_word' id='word_1_203' title='bbox 664 3338 761 3400; x_wconf 63' lang='lat' dir='ltr'><strong>scnffl</strong></span> <span class='ocrx_word' id='word_1_204' title='bbox 785 3335 838 3399; x_wconf 84' lang='lat' dir='ltr'><strong>tna</strong></span> <span class='ocrx_word' id='word_1_205' title='bbox 860 3333 952 3399; x_wconf 84' lang='lat' dir='ltr'><strong>fidem</strong></span> <span class='ocrx_word' id='word_1_206' title='bbox 984 3351 1138 3400; x_wconf 88' lang='lat' dir='ltr'><strong>summam</strong></span> <span class='ocrx_word' id='word_1_207' title='bbox 1167 3333 1301 3400; x_wconf 87' lang='lat' dir='ltr'><strong>habebit</strong></span> 
     </span>
     <span class='ocr_line' id='line_1_27' title="bbox 64 3445 1040 3517; baseline 0.005 -6"><span class='ocrx_word' id='word_1_208' title='bbox 64 3445 167 3515; x_wconf 84' lang='lat' dir='ltr'><strong>Datum</strong></span> <span class='ocrx_word' id='word_1_209' title='bbox 188 3450 307 3517; x_wconf 80' lang='lat' dir='ltr'><strong>Romae</strong></span> <span class='ocrx_word' id='word_1_210' title='bbox 328 3451 384 3515; x_wconf 86' lang='lat' dir='ltr'><strong>cto.</strong></span> <span class='ocrx_word' id='word_1_211' title='bbox 408 3449 456 3516; x_wconf 87' lang='lat' dir='ltr'><strong>die</strong></span> <span class='ocrx_word' id='word_1_212' title='bbox 479 3450 498 3515; x_wconf 84' lang='lat' dir='ltr'><strong>&#39;n</strong></span> <span class='ocrx_word' id='word_1_213' title='bbox 522 3449 630 3515; x_wconf 86' lang='lat' dir='ltr'><strong>Martii</strong></span> <span class='ocrx_word' id='word_1_214' title='bbox 652 3447 783 3516; x_wconf 78' lang='lat' dir='ltr'><strong>mdnri.</strong></span> <span class='ocrx_word' id='word_1_215' title='bbox 830 3450 918 3515; x_wconf 84' lang='lat' dir='ltr'><strong>hnno</strong></span> <span class='ocrx_word' id='word_1_216' title='bbox 941 3449 1040 3516; x_wconf 87' lang='lat' dir='ltr'><strong>tertio.</strong></span> 
     </span>
    </p>
   </div>
   <div class='ocr_carea' id='block_1_4' title="bbox 643 3653 715 3750">
    <p class='ocr_par' dir='ltr' id='par_1_5' title="bbox 643 3653 715 3750">
     <span class='ocr_line' id='line_1_28' title="bbox 643 3653 715 3750; baseline -0.014 -1"><span class='ocrx_word' id='word_1_217' title='bbox 643 3653 715 3750; x_wconf 66' lang='lat'><strong>1⁷12</strong></span> 
     </span>
    </p>
   </div>
   <div class='ocr_carea' id='block_1_5' title="bbox 69 3819 1317 4262">
    <p class='ocr_par' dir='ltr' id='par_1_6' title="bbox 69 3819 1317 4262">
     <span class='ocr_line' id='line_1_29' title="bbox 469 3819 899 3883; baseline -0.002 0"><span class='ocrx_word' id='word_1_218' title='bbox 469 3819 693 3883; x_wconf 79' lang='lat' dir='ltr'><strong>cancellario</strong></span> <span class='ocrx_word' id='word_1_219' title='bbox 715 3821 899 3882; x_wconf 78' lang='lat' dir='ltr'><strong>Francius.</strong></span> 
     </span>
     <span class='ocr_line' id='line_1_30' title="bbox 142 3947 1317 4034; baseline -0.003 -16"><span class='ocrx_word' id='word_1_220' title='bbox 142 3950 280 4018; x_wconf 84' lang='lat' dir='ltr'><strong>Dilectus</strong></span> <span class='ocrx_word' id='word_1_221' title='bbox 303 3950 405 4016; x_wconf 86' lang='lat' dir='ltr'><strong>frater.</strong></span> <span class='ocrx_word' id='word_1_222' title='bbox 451 3947 607 4014; x_wconf 86' lang='lat' dir='ltr'><strong>Mittimus</strong></span> <span class='ocrx_word' id='word_1_223' title='bbox 637 3947 690 4014; x_wconf 85' lang='lat' dir='ltr'><strong>dil.</strong></span> <span class='ocrx_word' id='word_1_224' title='bbox 714 3948 758 4014; x_wconf 93' lang='lat' dir='ltr'><strong>fil.</strong></span> <span class='ocrx_word' id='word_1_225' title='bbox 804 3947 954 4032; x_wconf 81' lang='lat' dir='ltr'><strong>Capinum</strong></span> <span class='ocrx_word' id='word_1_226' title='bbox 983 3947 1021 4014; x_wconf 84' lang='lat' dir='ltr'><strong>de</strong></span> <span class='ocrx_word' id='word_1_227' title='bbox 1043 3947 1133 4033; x_wconf 80' lang='lat' dir='ltr'><strong>Cepis</strong></span> <span class='ocrx_word' id='word_1_228' title='bbox 1163 3947 1317 4034; x_wconf 74' lang='lat' dir='ltr'><strong>Equitem·</strong></span> 
     </span>
     <span class='ocr_line' id='line_1_31' title="bbox 69 4061 1307 4152; baseline 0 -24"><span class='ocrx_word' id='word_1_229' title='bbox 69 4061 209 4132; x_wconf 88' lang='lat' dir='ltr'><strong>hominem</strong></span> <span class='ocrx_word' id='word_1_230' title='bbox 236 4063 419 4152; x_wconf 86' lang='lat' dir='ltr'><strong>prudentem</strong></span> <span class='ocrx_word' id='word_1_231' title='bbox 440 4066 473 4133; x_wconf 90' lang='lat' dir='ltr'><strong>et</strong></span> <span class='ocrx_word' id='word_1_232' title='bbox 501 4064 597 4130; x_wconf 83' lang='lat' dir='ltr'><strong>fidum</strong></span> <span class='ocrx_word' id='word_1_233' title='bbox 631 4063 671 4129; x_wconf 84' lang='lat' dir='ltr'><strong>ad</strong></span> <span class='ocrx_word' id='word_1_234' title='bbox 699 4063 796 4128; x_wconf 90' lang='lat' dir='ltr'><strong>istum</strong></span> <span class='ocrx_word' id='word_1_235' title='bbox 826 4063 1120 4130; x_wconf 86' lang='lat' dir='ltr'><strong>christianissimum</strong></span> <span class='ocrx_word' id='word_1_236' title='bbox 1148 4082 1253 4148; x_wconf 81' lang='lat' dir='ltr'><strong>regem</strong></span> <span class='ocrx_word' id='word_1_237' title='bbox 1275 4065 1307 4130; x_wconf 90' lang='lat' dir='ltr'><strong>ot</strong></span> 
     </span>
     <span class='ocr_line' id='line_1_32' title="bbox 69 4177 1306 4262; baseline 0.002 -20"><span class='ocrx_word' id='word_1_238' title='bbox 69 4179 187 4247; x_wconf 87' lang='lat' dir='ltr'><strong>nobilem</strong></span> <span class='ocrx_word' id='word_1_239' title='bbox 209 4181 371 4248; x_wconf 88' lang='lat' dir='ltr'><strong>muherem</strong></span> <span class='ocrx_word' id='word_1_240' title='bbox 393 4180 459 4247; x_wconf 87' lang='lat' dir='ltr'><strong>cius</strong></span> <span class='ocrx_word' id='word_1_241' title='bbox 482 4181 621 4258; x_wconf 76' lang='lat' dir='ltr'><strong>matrem,</strong></span> <span class='ocrx_word' id='word_1_242' title='bbox 644 4179 744 4244; x_wconf 89' lang='lat' dir='ltr'><strong>multa</strong></span> <span class='ocrx_word' id='word_1_243' title='bbox 766 4179 803 4244; x_wconf 85' lang='lat' dir='ltr'><strong>de</strong></span> <span class='ocrx_word' id='word_1_244' title='bbox 825 4179 968 4262; x_wconf 84' lang='lat' dir='ltr'><strong>periculis</strong></span> <span class='ocrx_word' id='word_1_245' title='bbox 983 4177 1219 4245; x_wconf 81' lang='lat' dir='ltr'><strong>christianitatis</strong></span> <span class='ocrx_word' id='word_1_246' title='bbox 1237 4178 1306 4245; x_wconf 90' lang='lat' dir='ltr'><strong>Un-</strong></span> 
     </span>
    </p>
   </div>
   <div class='ocr_carea' id='block_1_6' title="bbox 69 4281 1362 4496">
    <p class='ocr_par' dir='ltr' id='par_1_7' title="bbox 69 4281 1362 4496">
     <span class='ocr_line' id='line_1_33' title="bbox 69 4281 1362 4382; baseline -0.005 -17"><span class='ocrx_word' id='word_1_247' title='bbox 69 4295 215 4382; x_wconf 74' lang='lat' dir='ltr'><strong>ssniaoque</strong></span> <span class='ocrx_word' id='word_1_248' title='bbox 242 4296 423 4382; x_wconf 88' lang='lat' dir='ltr'><strong>pracsertim</strong></span> <span class='ocrx_word' id='word_1_249' title='bbox 453 4313 529 4380; x_wconf 86' lang='lat' dir='ltr'><strong>quac</strong></span> <span class='ocrx_word' id='word_1_250' title='bbox 551 4315 570 4360; x_wconf 87' lang='lat' dir='ltr'><strong>a</strong></span> <span class='ocrx_word' id='word_1_251' title='bbox 591 4294 699 4362; x_wconf 75' lang='lat' dir='ltr'><strong>iureis</strong></span> <span class='ocrx_word' id='word_1_252' title='bbox 728 4294 893 4362; x_wconf 88' lang='lat' dir='ltr'><strong>imminent</strong></span> <span class='ocrx_word' id='word_1_253' title='bbox 921 4295 1051 4380; x_wconf 86' lang='lat' dir='ltr'><strong>aliisque</strong></span> <span class='ocrx_word' id='word_1_254' title='bbox 1080 4292 1118 4359; x_wconf 89' lang='lat' dir='ltr'><strong>de</strong></span> <span class='ocrx_word' id='word_1_255' title='bbox 1146 4295 1236 4360; x_wconf 89' lang='lat' dir='ltr'><strong>robus</strong></span> <span class='ocrx_word' id='word_1_256' title='bbox 1266 4295 1306 4360; x_wconf 84' lang='lat' dir='ltr'><strong>cd</strong></span> <span class='ocrx_word' id='word_1_257' title='bbox 1359 4281 1362 4286; x_wconf 74' lang='grc'><strong>’</strong></span> 
     </span>
     <span class='ocr_line' id='line_1_34' title="bbox 69 4409 1306 4496; baseline 0.006 -26"><span class='ocrx_word' id='word_1_258' title='bbox 69 4409 182 4476; x_wconf 81' lang='lat' dir='ltr'><strong>cantem</strong></span> <span class='ocrx_word' id='word_1_259' title='bbox 196 4412 352 4496; x_wconf 86' lang='lat' dir='ltr'><strong>publicam</strong></span> <span class='ocrx_word' id='word_1_260' title='bbox 376 4411 508 4478; x_wconf 81' lang='lat' dir='ltr'><strong>salutem</strong></span> <span class='ocrx_word' id='word_1_261' title='bbox 522 4409 746 4495; x_wconf 86' lang='lat' dir='ltr'><strong>pertinentibus</strong></span> <span class='ocrx_word' id='word_1_262' title='bbox 761 4429 831 4478; x_wconf 90' lang='lat' dir='ltr'><strong>cnm</strong></span> <span class='ocrx_word' id='word_1_263' title='bbox 847 4415 929 4476; x_wconf 63' lang='lat' dir='ltr'><strong>sonte</strong></span> <span class='ocrx_word' id='word_1_264' title='bbox 950 4409 1051 4494; x_wconf 72' lang='lat' dir='ltr'><strong>ipsius·</strong></span> <span class='ocrx_word' id='word_1_265' title='bbox 1071 4409 1184 4480; x_wconf 87' lang='lat' dir='ltr'><strong>nostris</strong></span> <span class='ocrx_word' id='word_1_266' title='bbox 1205 4410 1306 4477; x_wconf 84' lang='lat' dir='ltr'><strong>verbis</strong></span> 
     </span>
    </p>
   </div>
   <div class='ocr_carea' id='block_1_7' title="bbox 0 0 1572 4908">
    <p class='ocr_par' dir='ltr' id='par_1_8' title="bbox 0 0 1572 4908">
     <span class='ocr_line' id='line_1_35' title="bbox 0 0 1572 4908; baseline 0 0"><span class='ocrx_word' id='word_1_267' title='bbox 0 0 1572 4908; x_wconf 95' lang='lat' dir='ltr'><strong> </strong></span> 
     </span>
    </p>
   </div>
  </div>
 </body>
</html>
