3152 4902
781 237 1025 306 -162-

869 463 941 527 118.

742 627 830 688 Ducl
854 629 1066 690 sabaudiae.

365 785 482 850 Dilaota
504 783 559 848 iili.
604 781 823 848 Gratissimum
852 783 939 848 nohis
969 783 1029 848 fuit
1058 801 1237 868 cognoscere
1266 801 1301 848 ax
1328 783 1434 848 dilooto
1454 781 1504 846 llio

275 899 465 966 Riohordono
489 897 660 964 Camomrio
682 901 734 963 tuo
758 898 928 964 nobilitatis
952 901 1022 964 tuna
1044 899 1172 964 oonsilio
1193 899 1261 964 tum
1284 898 1432 964 laudanda
1452 899 1504 980 ipsa

274 1035 327 1100 par
350 1035 391 1094 so,
414 1017 480 1080 turn
503 1014 591 1079 nohis
614 1013 707 1079 otiam
731 1033 765 1079 oo
788 1013 963 1079 iucundiora
985 1015 1065 1097 quod
1088 1031 1242 1080 summam
1264 1015 1351 1079 tuam
1374 1033 1442 1098 arga
1461 1031 1504 1076 nos

275 1132 431 1197 daolarant
447 1130 692 1206 benivolentiam,
716 1129 764 1195 oui
779 1148 834 1195 nos
857 1130 979 1214 quidem
1003 1129 1070 1214 pari
1084 1149 1186 1196 amoro
1208 1129 1431 1213 respondemus.
1457 1129 1506 1192 ltor

273 1246 396 1331 quidam
410 1248 499 1311 tuum
522 1263 581 1312 non
596 1245 686 1311 modo
700 1246 764 1312 foro
779 1245 854 1312 utils
870 1247 1063 1326 arbitramur,
1080 1265 1185 1312 varum
1200 1245 1295 1311 otiam
1310 1244 1505 1313 honorificum

274 1363 406 1428 multum
436 1360 518 1426 onim
541 1360 705 1425 auotoritas
728 1363 781 1426 tuo
811 1361 958 1426 momenti
988 1361 1076 1426 affort
1098 1361 1137 1426 ad
1166 1361 1417 1444 oompositionom
1438 1359 1505 1444 paris

272 1479 303 1543 ot
326 1476 364 1542 od
386 1476 486 1542 danda
509 1476 635 1541 consilia
659 1475 730 1540 fidoi
752 1474 868 1541 Christi
890 1477 921 1541 at
944 1476 1156 1559 propulsandis
1179 1476 1415 1542 christianitatis
1436 1474 1502 1558 pori·

271 1593 349 1657 onlis
371 1593 545 1675 opportuna
591 1593 675 1657 lntor
697 1610 773 1674 quaa
796 1610 857 1657 non
879 1591 1056 1658 dubitamus
1078 1594 1216 1658 nostram
1238 1611 1356 1676 quoquo
1379 1593 1410 1657 at
1432 1588 1503 1656 Solis

272 1706 455 1790 apostolicas
478 1705 661 1791 dignitatem
691 1707 749 1771 tihi
772 1707 854 1772 oordi
877 1708 954 1782 form
984 1709 1058 1773 hooo
1082 1707 1164 1774 enim
1194 1707 1297 1773 omnia
1320 1705 1408 1772 nobis
1430 1705 1505 1770 doto

271 1823 325 1887 tna
346 1825 486 1905 prostans
509 1821 607 1886 virtus
630 1823 661 1886 ot
682 1821 780 1904 pistos
803 1823 969 1904 pollicetur.
1016 1821 1076 1888 Sol
1098 1823 1172 1888 haoo
1194 1841 1230 1888 ax
1252 1822 1359 1888 oodorn
1380 1823 1444 1906 ipso
1457 1819 1504 1885 lli-

270 1937 420 2003 ohordono
442 1955 613 2022 oognosoos
636 1938 685 2002 oui
700 1937 791 2002 tidem
815 1938 950 2004 hohohis.
998 1939 1112 2003 Datum
1127 1940 1242 2004 Romae
1265 1941 1320 2004 oto.
1338 1937 1386 2003 dio
1407 1934 1505 2003 iJulii

270 2053 388 2120 mdxxv.
434 2054 524 2119 Anno
547 2052 685 2119 sooundo.

356 2283 475 2351 Nunnio
498 2285 531 2350 in
554 2285 690 2369 Ungaria
715 2285 841 2370 (Boroni
858 2286 985 2369 Burgiot
1010 2305 1063 2368 pro
1084 2285 1220 2368 poouniis
1243 2285 1388 2350 dotrsotis
1404 2303 1420 2349 a
1435 2284 1503 2348 lho-

267 2401 374 2466 oharis.
420 2400 498 2465 Julii
521 2401 564 2466 iii
589 2419 667 2466 anno
690 2401 725 2466 ut
749 2420 846 2484 supro.

863 2663 933 2726 119.

793 2825 987 2885 Caesarh

355 2980 527 3046 Carissimo.
576 2977 652 3044 Cum
668 2979 802 3044 venisset
817 2979 855 3043 ad
871 2998 926 3043 nos
950 2979 1002 3044 dil.
1018 2978 1060 3045 til
1078 2979 1273 3046 hieronimus
1296 2981 1336 3046 do
1350 2978 1507 3046 quoisois

264 3099 472 3164 looumtonons
488 3096 673 3160 summarias
688 3093 826 3178 Neapoli,
842 3095 958 3179 iterque
974 3095 1012 3161 ad
1028 3101 1133 3160 sor.tom
1151 3098 1238 3162 tuam
1252 3097 1413 3162 habiturus
1426 3097 1499 3162 osset

263 3213 397 3280 vidimus
419 3231 489 3278 oum
512 3229 584 3276 sono
607 3210 745 3288 lihontar,
768 3211 836 3276 tum
858 3213 1015 3294 propteroa
1038 3210 1117 3294 qnod
1140 3231 1175 3276 or
1197 3211 1260 3276 tuis
1282 3213 1315 3276 ot
1337 3211 1416 3277 vinos
1436 3211 1500 3274 tuas

263 3329 425 3414 agentibus
443 3329 516 3404 orat,
539 3328 606 3392 tom
629 3325 708 3409 quod
730 3327 796 3408 ipso
818 3343 935 3410 quoquo
959 3326 1022 3391 suis
1047 3327 1211 3391 virtutibus
1235 3327 1266 3391 st
1288 3325 1446 3410 prudentio
1458 3327 1503 3389 ost

263 3443 444 3528 diligendus.
491 3442 564 3507 llius
580 3441 711 3507 adventu
727 3441 766 3506 ad
790 3453 895 3506 sorar¹11
918 3443 1013 3520 tuam,
1037 3443 1095 3508 otsi
1111 3442 1337 3508 confidebamus
1361 3444 1392 3508 to
1408 3438 1507 3524 oogni·

260 3563 365 3626 turum
387 3577 423 3624 or
446 3577 480 3624 oo
503 3557 606 3622 omnia
628 3577 704 3640 quaa
727 3557 760 3621 in
783 3557 833 3621 his
857 3557 917 3622 oris
940 3559 1088 3640 geruntur
1110 3559 1145 3622 ot
1169 3557 1272 3640 aliqua
1294 3557 1450 3641 prosortim
1470 3553 1508 3618 ad

261 3679 349 3741 tuum
372 3676 402 3740 ot
424 3676 563 3740 nostrum
585 3673 730 3738 honoram
754 3673 930 3755 spectantia,
954 3673 1039 3737 ouius
1063 3673 1165 3756 aliquo
1188 3672 1306 3738 iaotnra
1328 3675 1384 3752 ost
1407 3671 1508 3737 Tomis

262 3792 293 3856 ot
314 3787 489 3855 infidelibus
512 3787 612 3853 vicina
635 3787 732 3852 maria
755 3807 825 3853 oum
847 3790 899 3853 tuo
922 3789 1084 3870 nostroque
1108 3791 1284 3872 oontomptu
1307 3788 1508 3854 obtinentibus

262 3908 294 3972 et
315 3907 424 3971 onusta
447 3903 709 3987 depopulantibus,
734 3904 837 3969 tamon
866 3903 960 3968 loonti
985 3922 1091 3968 sumus
1114 3922 1184 3968 oum
1207 3901 1313 3968 oodoni
1335 3903 1458 3989 largitor
1477 3912 1508 3966 ot

262 4020 515 4106 quid'oupiamus
538 4038 627 4102 agore
651 4019 729 4083 oiron
754 4020 826 4085 hooc
850 4027 954 4084 serrem
979 4021 1073 4096 tuam,
1096 4021 1127 4084 ot
1149 4018 1313 4103 quomodo
1332 4020 1419 4086 nobis
1440 4035 1507 4102 pro·

127 4177 128 4180 =
262 4135 425 4203 videndum
447 4154 515 4202 osso
538 4135 690 4212 viduatum
720 4136 879 4200 hortamur
901 4135 1003 4218 itaque
1028 4141 1130 4199 sor.tom
1162 4137 1246 4198 tuam
1269 4135 1302 4200 in
1326 4135 1453 4200 Domino
1474 4137 1507 4196 ut

262 4251 301 4315 ad
323 4251 414 4316 docus
437 4250 494 4314 Doi
516 4252 547 4316 ot
569 4249 641 4314 fidoi
656 4251 840 4315 christianas
863 4269 898 4316 ao
920 4253 1004 4315 tuam
1022 4249 1255 4332 amplitudinem
1275 4249 1509 4316 conservandam
1567 4287 1568 4309 t

262 4383 338 4448 quae
361 4365 449 4428 nobis
472 4383 542 4429 cum
565 4365 619 4430 illo
643 4365 866 4430 communicata
890 4369 962 4430 snut
985 4366 1023 4429 ad
1047 4365 1241 4431 securitatem
1264 4365 1406 4431 littorum
1426 4381 1508 4429 oom-
