3152 4902
529 269 774 336 -1ss-

45 467 179 540 abstrabi;
201 466 293 532 urbes
316 467 347 532 et
361 464 472 549 oppida
494 463 562 548 capi
576 462 745 530 audiamus.
791 459 851 527 Sed
866 461 898 526 in
920 459 970 526 his
986 459 1079 525 malis
1093 458 1171 524 illud
1188 458 1279 543 longe

45 581 244 667 gmrbmnmm
267 581 383 647 ιιιιιΙιιιιι
408 581 463 658 est
493 579 573 665 quod
595 578 648 663 qui
671 577 803 663 periculo
825 575 955 660 proximi
979 577 1058 652 sunt
1081 593 1209 659 quorum
1231 573 1280 638 est

46 698 194 781 periculum
216 717 288 762 cum
310 698 413 763 nostro
437 696 646 771 coniunctum
669 693 693 760 ii
715 696 860 778 tanquam
876 691 982 758 laetali
1005 709 1111 758 mmno
1133 689 1278 774 oppressi,

45 815 144 878 nmium
159 812 300 879 uidentur
314 812 421 878 ducere
444 811 493 878 sni
506 810 668 895 propinqui
683 809 768 876 exitii
789 809 948 884 rationem.
971 807 1071 891 Atque
1089 807 1145 872 hoc
1162 806 1278 872 malam

44 931 182 994 erbmnm
197 929 254 994 est
286 925 367 1008 onio
388 927 467 993 illud
481 926 663 993 intestinum
686 944 722 992 ao
736 924 947 1002 domesticum
969 941 1028 1007 quo
1044 923 1163 988 nullam
1177 921 1278 988 maius

44 1063 126 1128 neque
150 1044 349 1128 perniciosius
381 1043 443 1108 nlla
472 1061 607 1126 uuquam
636 1042 754 1127 aspexit
783 1042 890 1107 aetas?
920 1039 999 1123 quod
1029 1041 1083 1106 tna
1113 1036 1278 1106 Germania

43 1160 124 1226 unm
144 1159 205 1226 ἱιιιιι
229 1159 367 1226 cladibus
390 1161 421 1224 et
450 1158 651 1224 seditionibus
673 1157 811 1224 involuta
834 1159 889 1236 est,
919 1158 954 1222 ut
976 1175 1065 1220 nemo
1094 1155 1127 1222 in
1149 1175 1185 1222 ea
1213 1154 1277 1222 mm

42 1276 76 1339 eit
95 1276 142 1359 qui
163 1277 274 1342 habeat
303 1276 491 1359 exploratam
513 1274 663 1340 rationem
692 1293 753 1339 non
777 1273 876 1339 solum
898 1271 1070 1357 dignitatis
1101 1271 1155 1336 sed
1183 1269 1276 1336 etiam

42 1391 136 1456 edatis
158 1411 239 1471 suae,
261 1390 411 1458 increbuit
433 1389 563 1457 enimin
579 1390 692 1456 animis
715 1389 927 1472 imperitarum
949 1387 1086 1472 plebium
1108 1387 1191 1452 furor
1213 1386 1275 1452 im-

42 1507 140 1572 missus
161 1506 226 1574 illis
249 1526 268 1572 a
289 1507 349 1573 Dei
377 1507 464 1573 hoste
486 1507 518 1572 et
540 1506 606 1572 eins
634 1506 734 1572 hostie
763 1503 916 1571 ministris
939 1503 1105 1587 impiarum
1134 1504 1276 1570 heresum

42 1623 214 1700 arconium
243 1641 410 1707 perquem
432 1621 691 1689 coniurationibus
720 1620 845 1688 nefariis
874 1619 1066 1704 popularium
1095 1619 1196 1688 omnis
1219 1638 1275 1684 no-

42 1737 131 1804 bilitas
152 1740 183 1804 et
198 1738 299 1806 omnis
321 1738 393 1805 ordo
409 1739 632 1805 ecclesiasticus
655 1738 689 1803 in
711 1737 838 1804 exitium
854 1738 986 1816 vocatur,
1009 1735 1062 1820 qai
1083 1735 1166 1802 furor
1183 1753 1275 1820 quor·

40 1875 96 1919 eun
117 1855 287 1939 irrupturis
310 1855 353 1920 sit
374 1855 509 1939 graviter
537 1853 814 1938 pertimescendum
842 1855 898 1932 est,
928 1852 1095 1919 nonenim
1123 1851 1276 1918 cernimus

40 1969 117 2036 mem
139 1989 195 2036 nec
208 1970 342 2036 modum
388 1969 448 2038 Sed
462 1989 517 2054 per
530 1970 633 2037 Deum
654 1969 870 2048 immortalem,
894 1969 922 2034 si
936 1968 1033 2034 bade
1047 1967 1276 2034 calamitatibus

40 2085 154 2154 afflictae
168 2087 200 2153 et
214 2086 351 2170 perditae
367 2085 552 2152 christianae
565 2085 749 2170 reipublicae
771 2084 961 2168 celeripedis
976 2083 1109 2150 remedio
1124 2101 1185 2150 non
1201 2083 1275 2148 sab·

41 2199 170 2281 reantur,
199 2201 273 2286 qnid
301 2201 426 2268 tandem
456 2201 521 2286 spei
543 2203 597 2268 aut
626 2201 735 2268 salutis
765 2200 916 2284 reliquum
945 2200 1033 2266 nobis
1057 2219 1124 2268 ease
1152 2200 1275 2283 potest?

40 2312 103 2393 Quis
123 2336 191 2382 vero
214 2317 294 2383 alius
316 2317 400 2400 pacis
422 2318 454 2384 st
476 2316 582 2384 auxilii
603 2318 723 2401 praeter
745 2317 777 2382 te
798 2315 925 2383 idoneus
948 2316 1068 2382 nonus
1092 2316 1141 2380 est
1162 2315 1274 2400 ander,

40 2429 82 2512 qui
101 2431 233 2498 eiusdem
256 2432 315 2498 Dei
343 2433 561 2518 omnipotentis
590 2430 744 2511 beneficio,
772 2432 870 2500 turbs
892 2453 909 2499 e
931 2432 1013 2500 coelo
1042 2429 1219 2500 muneribus
1241 2448 1275 2496 es

40 2545 203 2626 ilnsbatus
232 2549 269 2615 ut
296 2547 386 2615 facile
414 2551 567 2633 appareat,
597 2548 784 2634 quaesivisse
814 2549 875 2616 sibi
899 2549 1001 2616 Βοιιιιι
1030 2545 1196 2614 secundum
1224 2563 1276 2612 cor

41 2679 114 2728 suum
128 2683 232 2749 regem
247 2684 343 2730 mum
365 2666 511 2749 tanquam
535 2665 666 2732 alterum
681 2665 832 2732 Davidem
855 2664 908 2750 qui
921 2664 982 2730 Dei
1002 2664 1107 2730 hostes
1129 2663 1274 2740 conterat

40 2780 142 2860 popula
163 2779 306 2846 fidelibus
329 2781 440 2864 parom
486 2778 579 2848 Genius
601 2781 635 2847 tn
650 2780 711 2848 Dei
732 2783 763 2848 et
784 2782 906 2865 propter
928 2779 1074 2846 dantem
1096 2797 1132 2845 ao
1146 2777 1272 2862 religio·

40 2910 97 2958 nem
116 2895 308 2979 amplissima
329 2894 475 2962 beneficia
497 2895 646 2975 meruisti,
676 2897 707 2963 et
728 2896 794 2962 eius
816 2895 1033 2962 beneficentiae
1061 2896 1183 2980 propter
1205 2893 1271 2978 pie·

40 3007 119 3074 aon
155 3013 262 3096 gratas
294 3029 361 3078 esse
391 3011 455 3088 vis;
492 3011 531 3077 ad
561 3011 704 3096 pacisque
735 3011 864 3078 consilia
897 3011 1030 3095 aspiras,
1066 3029 1102 3076 ac
1133 3028 1187 3094 pro
1219 3010 1273 3075 tua

40 3121 170 3208 singulari
198 3127 351 3211 sapientia
378 3127 494 3211 optime
523 3128 622 3194 cernis
654 3127 788 3194 remedia
817 3129 848 3193 st
877 3127 990 3192 auxilia
1018 3128 1066 3193 tot
1093 3125 1272 3210 perniciosis

39 3238 254 3310 christianitatis
277 3243 416 3310 cladibus
431 3243 658 3328 quamprimum
681 3262 747 3310 esse
762 3242 940 3310 necessaria
987 3240 1047 3309 Sed
1069 3244 1104 3310 ut
1122 3241 1272 3308 voluntati

41 3353 98 3418 luae
123 3358 202 3423 locus
232 3359 289 3434 sit;
319 3361 354 3424 ut
384 3358 463 3442 quod
492 3345 725 3442 religiosissime
747 3360 779 3424 et
808 3359 1065 3424 christianissime
1093 3356 1271 3440 designasti

41 3485 113 3548 opero
132 3475 161 3538 ei
181 3473 262 3539 facto
285 3475 453 3557 compleam
476 3473 587 3540 idcirco
609 3474 683 3541 haec
705 3476 753 3542 est
776 3494 794 3540 a
816 3474 904 3540 nobis
926 3475 1027 3540 tecum
1051 3473 1191 3556 suscepta
1213 3472 1270 3538 ad·

42 3580 161 3666 lorado,
183 3588 364 3655 confidimus
386 3590 520 3655 maxime
542 3589 673 3656 bonitati
695 3592 781 3666 tuam
804 3590 968 3658 deferimus
992 3589 1113 3666 virtuti;
1136 3589 1269 3673 pruden-

43 3696 106 3764 tiam
125 3723 237 3787 qnoque
260 3706 291 3769 et
313 3704 559 3790 magnitudinem
588 3705 685 3772 animi
713 3705 932 3790 cognoscimus.
979 3703 1038 3770 Sed
1061 3705 1089 3770 ei
1110 3704 1218 3771 honori
1240 3707 1271 3770 et

42 3812 139 3892 gloriae
165 3821 234 3885 tuae
264 3819 666 3901 ambianensem
696 3821 724 3885 si
746 3840 822 3906 quac
843 3820 968 3905 pristini
991 3820 1066 3886 belli
1094 3821 1125 3886 et
1147 3821 1268 3886 contro-

42 3930 140 3997 remise
153 3953 241 4000 causa
256 3935 324 4014 init,
348 3955 383 4000 ea
398 3937 446 4000 est
460 3937 492 4000 et
514 3937 567 4002 tna
589 3935 707 4021 insigni
721 3936 856 4016 meane„
879 3939 910 4002 et
932 3937 1068 4020 ipsorum
1082 3934 1270 4002 confessione

42 4039 158 4112 bosom
185 4049 363 4126 terminum
395 4049 422 4115 si
444 4049 523 4115 nibil
545 4053 593 4116 est
617 4051 718 4118 maius
749 4054 803 4117 aut
825 4052 968 4136 amplius,
997 4051 1076 4136 quod
1104 4051 1269 4116 moderatis

41 4160 66 4220 et
85 4161 271 4241 prudentibus
294 4165 407 4230 animis
429 4165 514 4249 posci
536 4167 574 4232 ab
597 4166 767 4234 immortali
788 4168 853 4234 Deo
875 4168 1097 4252 possitqaam
1119 4167 1267 4251 quantum

42 4270 91 4338 libi
110 4279 224 4345 melesii
244 4279 331 4346 illius
353 4280 498 4347 beneficio
521 4283 569 4348 est
591 4281 750 4361 tributum,
779 4301 901 4348 oramus
924 4300 1140 4367 precamurque
1163 4285 1267 4347 serem

42 4389 114 4454 bam
134 4396 165 4458 ut
183 4395 216 4462 in
237 4394 460 4462 conditionibus
483 4396 568 4482 pacis
597 4395 766 4464 tractamm
790 4399 842 4464 des
865 4400 896 4464 te
918 4398 958 4464 ad
987 4416 1055 4464 eam
1077 4399 1205 4483 partem,
1232 4399 1268 4464 ut
