3132 4910
782 269 1028 335 ..342-

867 609 942 675 259.

526 771 727 834 cardlnalis
748 775 987 836 ffioracemsls
1009 775 1183 836 Clementi
1206 777 1274 836 vu.

727 885 816 970 (litt
829 885 926 969 prino.
941 885 998 951 ΠΙ,
1013 889 1082 970 95).

740 1001 807 1086 (21.
821 1001 939 1086 Aprilis
957 1001 1067 1086 1525).

366 1163 448 1228 Dum
470 1161 603 1246 pressius
631 1181 750 1228 mecum
772 1163 879 1246 reputo
901 1165 975 1247 quot
996 1164 1150 1247 perimis,
1172 1166 1277 1250 quibus
1297 1163 1378 1240 malis
1396 1181 1455 1244 quu-

276 1281 367 1364 toque
388 1278 505 1344 turbini
526 1277 694 1343 christiana
716 1278 887 1362 respublica
909 1279 1108 1364 imprecantis
1129 1281 1255 1347 obnoxia
1277 1277 1456 1362 subieuquetr

277 1399 308 1464 et
331 1415 423 1481 quam
446 1395 494 1461 illi
515 1394 650 1479 gratita
679 1395 830 1460 laboranti
858 1395 920 1460 nisi
942 1399 1063 1462 matura
1091 1417 1127 1462 ao
1149 1398 1306 1482 prudenter
1330 1406 1459 1462 mumius

277 1512 386 1580 multis
408 1531 443 1578 cr
458 1510 533 1577 loeis
550 1511 591 1576 sit
613 1509 794 1588 timendum,
816 1531 852 1576 er
866 1511 974 1576 innata
997 1531 1066 1578 mea
1088 1533 1162 1598 erga
1185 1515 1363 1580 sanctitatem
1374 1511 1460 1576 rear

276 1629 469 1696 obaemautia
490 1631 521 1693 et
536 1626 681 1712 peculiari
696 1626 827 1710 quodam
849 1627 883 1692 in
905 1647 1098 1694 communem
1113 1649 1239 1696 causam
1259 1631 1325 1710 zelo,
1343 1623 1462 1712 cogerent

276 1766 364 1814 mum
386 1745 606 1828 consiliumque
621 1762 724 1809 meum
748 1761 838 1826 super
860 1743 910 1808 his
925 1745 1088 1829 utrumque
1110 1745 1294 1830 imprudens
1314 1745 1386 1812 tiela
1399 1747 1464 1807 buu

277 1865 368 1948 atque
390 1881 559 1948 syncerum,
579 1859 678 1926 eidem
694 1879 721 1924 v.
738 1878 761 1924 s.
778 1858 910 1942 aperire;
934 1879 992 1944 que
1006 1881 1077 1926 oum
1092 1862 1204 1945 optimi
1217 1857 1465 1948 perspicacissiuique

277 1980 320 2046 sit
342 1979 467 2064 ingenii,
489 1977 690 2060 benevoleque
712 1975 745 2041 in
760 1995 810 2040 me
825 1975 1001 2056 voluntatis,
1023 1979 1300 2060 compertissimum
1320 1979 1398 2043 bete
1413 1972 1466 2056 quir·
1514 1981 1515 2030 l

277 2094 350 2180 quid
373 2095 433 2160 sibi
455 2112 617 2178 exposuero
646 2093 680 2158 in
701 2093 814 2158 bonam
836 2093 876 2156 ab
905 2111 940 2158 eo
963 2094 1083 2176 partem
1105 2097 1263 2179 acceptum
1283 2095 1336 2172 iri;
1357 2087 1468 2177 perspiciet

275 2211 359 2279 onim
382 2212 566 2295 quantopere
588 2207 754 2274 universali
776 2207 872 2291 quieti
893 2208 1076 2286 consutum,
1106 2228 1142 2275 ex
1170 2211 1314 2296 cordeque
1330 2209 1470 2294 prospectum

276 2326 397 2410 cupiam
420 2327 452 2392 et
466 2345 558 2410 quam
574 2325 750 2391 ocustarum
772 2341 874 2388 meam
889 2342 963 2408 erge
985 2324 1208 2392 beatitudinem
1224 2329 1349 2394 saeuam
1367 2325 1472 2402 istoque
1519 2337 1520 2386 l

276 2441 475 2527 apostolicam
491 2439 601 2508 Sedem
622 2441 657 2506 in
678 2439 904 2506 occurrentibus
927 2439 1096 2526 quibusque
1111 2443 1247 2528 negociis
1269 2443 1354 2510 tillem
1372 2442 1397 2507 et
1412 2437 1473 2502 lero·
1520 2407 1521 2462 ¹

277 2559 391 2626 tionem
421 2558 570 2624 retineam
599 2559 638 2635 et,
660 2556 733 2622 licet
762 2555 940 2622 disommina
969 2557 1146 2642 neutiquam
1179 2559 1361 2644 aspamanle
1385 2553 1475 2634 mtqe

278 2674 554 2752 imminuentem
585 2691 691 2738 museo
721 2673 788 2737 tum
811 2671 861 2736 his
890 2691 957 2738 esse
986 2672 1164 2741 meticulose
1194 2663 1476 2742 succumbeulmsd

277 2790 444 2858 fortissimo
467 2788 569 2873 potius
592 2787 694 2854 auimo
724 2786 1018 2853 accomodatiusimis
1047 2789 1260 2876 oelerimisque
1288 2789 1407 2857 consitis
1422 2782 1477 2850 otu·

277 2905 375 2972 stione
398 2904 549 2972 corruenti
572 2903 708 2970 naucula
731 2903 958 2987 opitulandum
981 2904 1060 2988 quod
1083 2925 1145 2971 non
1167 2907 1258 2974 facile
1272 2907 1384 2992 assequi
1401 2898 1478 2988 poteri·

277 3041 347 3088 mus
369 3019 431 3087 nisi
454 3039 480 3086 v.
498 3039 521 3086 s.
545 3037 602 3104 que
618 3017 752 3084 maxima
775 3019 870 3084 tosus
885 3020 929 3085 rei
952 3023 1094 3104 pareest
1116 3023 1258 3090 animum
1272 3023 1480 3109 cogitationesque

278 3157 348 3206 suas
364 3155 399 3204 ao
415 3136 547 3221 seipsam
562 3137 659 3202 totam
682 3134 732 3200 his
746 3133 918 3200 autument
932 3135 1130 3221 principibus,
1153 3139 1206 3222 qui
1227 3139 1261 3205 iu
1284 3155 1423 3207 commune
1433 3149 1480 3216 pro·

277 3254 365 3322 desse
386 3253 639 3338 irrgouentemque
661 3250 826 3336 procellam
849 3251 954 3334 procul
976 3251 1068 3320 (lubio
1084 3255 1200 3337 queunt
1222 3275 1365 3323 amovere.
1391 3245 1483 3318 Proluit

278 3371 317 3438 ad
339 3367 661 3438 ruscinonensem
684 3366 747 3433 mei
768 3366 898 3450 pectoris
920 3368 1121 3435 reconditiora
1143 3389 1171 3436 v.
1186 3371 1215 3436 b.
1231 3369 1409 3444 declamnla
1426 3379 1484 3430 neo·

277 3505 405 3572 rumque
419 3483 615 3550 consiliorum
630 3482 779 3550 rationem
800 3481 835 3548 in
848 3484 1001 3567 presentia
1016 3485 1167 3552 uberrime
1182 3488 1343 3571 perscribo,
1363 3501 1439 3572 quau
1449 3493 1485 3560 ab

277 3603 317 3670 ad
332 3600 540 3670 secretissima
555 3618 611 3665 sua
625 3601 795 3683 prostratus
817 3618 918 3684 genua
937 3600 1059 3666 obsecro
1082 3619 1186 3685 precor
1208 3604 1238 3668 et
1254 3605 1392 3681 obtestor,
1409 3599 1437 3665 ut
1447 3611 1488 3660 non

279 3719 379 3786 solum
401 3715 604 3784 erussimm
627 3715 899 3800 plenissimamque
927 3715 975 3782 illi
997 3715 1031 3782 iu
1053 3717 1195 3783 omnibus
1218 3718 1311 3786 tillem
1334 3719 1436 3793 halom
1454 3705 1488 3774 ⁵⁰¹¹

279 3835 353 3902 dum
375 3832 491 3918 aliquid
514 3831 580 3916 spei
601 3850 636 3898 ao
658 3830 785 3898 remedii
807 3833 952 3916 superest
983 3829 1125 3917 dignatio
1148 3852 1206 3917 que
1234 3832 1317 3902 idem
1340 3856 1361 3902 r.
1383 3827 1490 3899 tonus

279 3949 496 4018 Batlroniensis
512 3966 578 4014 meo
601 3948 723 4014 nomine
738 3948 855 4028 referet
877 3947 910 4013 in
926 3947 1114 4014 sanctissimi
1137 3949 1185 4014 sui
1200 3950 1299 4016 cordis
1322 3944 1490 4037 penetralibus

280 4065 443 4152 sigillatim
466 4062 646 4149 perpendere
669 4083 703 4130 ac
726 4065 854 4142 mature,
876 4083 913 4129 ne
937 4063 1064 4147 posthac
1078 4064 1234 4132 mterieoto
1249 4085 1334 4134 more
1354 4085 1405 4134 nos
1418 4063 1492 4129 forsan

279 4182 414 4267 peniteat
435 4180 472 4247 de
495 4181 613 4264 publiea
639 4198 730 4245 eurise
753 4179 927 4245 deliberare.
957 4179 1022 4263 Ego
1045 4182 1148 4246 subm
1171 4201 1194 4247 s.
1210 4200 1237 4247 v.
1260 4179 1493 4266 persuasissimum

280 4315 346 4363 esse
368 4297 436 4361 volo
458 4314 553 4378 usque
583 4295 622 4360 ad
646 4295 805 4380 sanguinis
835 4294 1012 4361 allusionem
1035 4296 1155 4380 viteque
1184 4297 1333 4364 iacturam
1364 4297 1495 4364 eventuum

282 4427 533 4492 successuumquo
562 4409 689 4476 candem
712 4429 746 4475 ao
768 4429 872 4494 parem
903 4429 1005 4476 secum
1035 4411 1238 4478 conditionem
1262 4433 1310 4480 me
1333 4431 1442 4498 sempe
1459 4423 1496 4470 o*-
