3132 4910
559 329 805 396 ..329-

643 552 718 619 247.

333 717 463 779 Comes
486 717 728 792 Ortemburgit
752 715 925 778 Clementi
948 717 1021 778 Vn.

501 826 932 915 fflmfflffl‚

531 945 574 1031 (7.
589 943 696 1011 Martii
713 943 823 1030 1525).

140 1160 146 1172 .
170 1160 176 1172 .
199 1109 246 1174 De
269 1107 395 1174 sictona
418 1107 472 1173 ille
496 1106 581 1173 omni
603 1107 722 1174 maculo
741 1104 937 1174 memoranda
959 1105 1040 1190 apud
1063 1123 1112 1172 me
1134 1103 1301 1189 gratulatio

66 1241 114 1288 oon
128 1225 226 1307 potest
247 1241 315 1289 esse
336 1242 398 1290 non
413 1242 543 1303 summa,
566 1241 636 1289 cam
652 1222 724 1307 qaia
738 1222 794 1288 ilia
808 1241 827 1288 a
842 1223 907 1288 Deo
929 1222 1136 1307 omnipotente
1151 1220 1184 1286 in
1199 1221 1301 1305 partes

64 1357 204 1405 caesareas
219 1338 414 1406 serenissimo
428 1339 559 1424 perspi
582 1357 650 1406 meo
665 1357 841 1406 communes
856 1337 1014 1416 concessit,
1036 1337 1104 1404 tam
1127 1335 1199 1422 quia
1214 1335 1301 1402 rideo

65 1471 129 1533 aar,
150 1454 211 1521 nisi
232 1473 283 1522 me
306 1454 388 1520 fallit
409 1453 565 1535 indicium,
594 1455 627 1520 in
649 1455 743 1522 totim
766 1454 1002 1522 christianitatis
1032 1451 1211 1520 benefitium
1232 1469 1299 1518 ces·

65 1585 161 1635 saram
206 1571 274 1636 Iam
297 1571 380 1636 enim
401 1570 475 1637 iicet
497 1570 524 1636 si
547 1589 681 1655 anquam
704 1571 791 1650 eliae,
815 1588 935 1654 sperare
949 1569 1085 1636 tatnram
1107 1586 1174 1634 esso
1196 1585 1299 1634 rernm

63 1683 229 1770 firmamque
251 1685 442 1752 concordiam
464 1688 496 1752 et
517 1705 622 1770 pacem
645 1705 721 1771 quae
745 1686 839 1753 mmet
869 1684 989 1753 reddita
1011 1685 1133 1752 sanctae
1155 1680 1299 1750 soleae

62 1801 86 1863 et
104 1801 297 1884 potissimam
325 1801 524 1869 beatitudinis
554 1803 671 1869 vestrae
701 1802 861 1887 auspiciis,
890 1801 987 1868 terrea
1015 1801 1090 1868 haec
1119 1799 1238 1866 saecula
1266 1797 1300 1864 in

60 1933 138 1982 aurea
165 1918 375 1998 commutabit
405 1917 537 2004 adeoquo
566 1937 622 1985 nos
650 1918 771 2004 glutino
793 1917 857 1985 reri
886 1917 1000 1985 amoris
1022 1916 1235 1992 conciliabant,
1264 1915 1300 1980 at

59 2032 147 2097 omnis
174 2033 275 2099 rabies
305 2051 381 2118 quae
409 2033 491 2100 inter
519 2033 702 2102 christianos
725 2035 834 2101 multis
863 2033 991 2100 saeculis
1013 2049 1097 2100 more
1128 2031 1297 2098 belluarum

59 2143 125 2213 irato
146 2147 233 2214 nobis
256 2149 321 2214 Deo
343 2149 473 2216 exercita
495 2151 551 2229 est,
574 2149 698 2217 andem
720 2150 863 2235 corripiat
885 2149 1007 2216 hostem
1029 2146 1213 2214 christianae
1236 2144 1296 2211 rei·

57 2263 182 2342 publicae
203 2264 342 2330 i‘arcam.
382 2261 467 2345 Quod
491 2267 640 2350 quantam
661 2284 748 2332 meas
770 2266 909 2351 princeps
932 2267 1054 2349 exoptat
1075 2266 1111 2330 ιι
1132 2262 1184 2347 qui
1206 2260 1298 2328 malit

57 2377 182 2458 publicae
204 2379 249 2446 rei
270 2380 406 2465 pomeria
427 2382 554 2465 proferri
577 2399 669 2465 quam
691 2381 808 2466 pfivata
826 2381 973 2466 ampliare
996 2433 1002 2446 .
1027 2432 1033 2446 .
1058 2433 1064 2447 .
1087 2379 1208 2458 iniuria,
1235 2397 1296 2444 non

57 2509 122 2575 opas
144 2497 190 2561 eet
212 2498 248 2563 nt
269 2496 335 2580 ipse
350 2497 489 2581 pluribus
505 2498 608 2564 verbis
631 2517 731 2584 agam,
755 2498 834 2584 qnod
850 2498 946 2564 sciam
961 2495 1159 2564 notissimum
1180 2495 1214 2561 id
1228 2513 1295 2562 esse

57 2607 225 2678 beatitudini
252 2613 379 2678 vestrae.
425 2611 525 2679 Multo
554 2616 657 2680 antem
686 2614 790 2682 minus
819 2613 856 2680 de
880 2631 1004 2699 syneero
1033 2631 1101 2680 meo
1131 2609 1232 2678 stadio
1261 2610 1295 2677 in

55 2725 237 2793 sanctitatem
260 2727 393 2792 rostram
421 2727 458 2795 de
481 2746 602 2795 summa
625 2747 742 2814 qnoque
770 2729 928 2796 affectione
950 2730 982 2796 et
1010 2726 1203 2796 observantis
1225 2745 1294 2792 mea

54 2837 235 2907 insanctam
257 2842 351 2908 istam
374 2840 484 2910 Sedens
505 2843 579 2928 qaid
601 2845 761 2911 verbomm
790 2863 851 2911 non
879 2847 953 2929 puto
976 2861 1042 2911 esse
1071 2842 1294 2920 inculcandam,

54 2955 161 3036 quando
183 2957 268 3024 omni
295 2959 431 3043 tempore
460 2961 609 3043 quantam
630 2960 664 3027 in
686 2979 736 3026 me
758 2961 818 3026 init
840 2961 871 3027 et
900 2960 1062 3026 honorifice
1086 2958 1168 3026 sensi
1190 2960 1222 3024 et
1243 2957 1292 3023 lo·

53 3071 130 3136 catus
148 3091 216 3138 sam
238 3073 277 3140 do
298 3074 327 3141 b.
343 3094 380 3154 ιι,
403 3071 532 3142 Sanctae
555 3073 642 3142 Sedis
665 3094 737 3142 suae
760 3075 944 3161 ngnaom
967 3075 1160 3142 asserendam
1184 3072 1292 3139 eristi·

52 3203 140 3266 mans,
161 3188 295 3274 adeoque
317 3190 532 3258 serenissimus
554 3191 695 3276 princeps
718 3210 813 3272 meas,
837 3192 916 3258 ιιοιιι
930 3209 990 3258 non
1006 3192 1132 3257 obscura
1155 3187 1292 3272 exempla

52 3297 108 3364 οιιιι
130 3303 173 3368 rei
195 3302 288 3383 dedit
311 3304 356 3370 ite
377 3304 411 3370 in
433 3308 597 3390 posterum,
626 3326 676 3373 me
698 3308 847 3375 monitore
870 3305 956 3374 (iabit
979 3309 1010 3372 et
1025 3307 1052 3372 ei
1073 3323 1128 3390 pro
1151 3323 1205 3370 sna
1227 3303 1289 3368 im·

51 3431 146 3482 mensa
167 3418 281 3503 potate
310 3419 344 3485 in
365 3421 465 3487 Deum
494 3423 585 3506 atque
614 3442 716 3489 amore
746 3441 819 3508 erga
848 3423 1043 3490 sanctitatem
1073 3422 1206 3486 restam
1229 3437 1290 3486 non

50 3527 202 3600 admodum
225 3553 302 3618 opas
323 3535 435 3602 habeat
456 3536 638 3622 instigatore
660 3539 749 3623 quale
770 3540 875 3605 tamen
897 3557 948 3604 me
968 3537 1080 3604 iterum
1103 3535 1193 3602 offero
1215 3535 1289 3600 bea·

50 3643 165 3714 titudini
192 3653 312 3717 vestrae
341 3651 425 3718 omni
454 3651 543 3719 filiali
573 3653 674 3721 stadio
704 3655 735 3720 et
764 3654 907 3739 obsequio
937 3651 1017 3738 quod
1045 3670 1064 3716 a
1093 3669 1143 3717 me
1171 3649 1291 3734 exigere

49 3763 150 3840 poterit
177 3767 208 3831 et
230 3783 287 3851 ego
316 3768 466 3851 osannae
488 3767 569 3835 vires
600 3787 685 3836 meae
716 3769 875 3850 venerint
906 3769 1006 3836 enitar
1033 3768 1187 3851 praestare
1216 3782 1287 3848 pro·

47 3877 219 3956 pensissima
241 3880 397 3958 yoluntate
419 3885 474 3949 eto.

129 3993 169 4059 Etr
192 3997 369 4081 Innsprugg
392 3997 441 4064 die
464 3998 514 4064 vii.
539 4000 655 4066 mensis
678 4000 784 4066 Martii
806 4001 924 4066 mdxrv.

972 4230 1005 4296 Ji.
1030 4248 1053 4294 a.
1076 4248 1103 4294 v.

806 4347 996 4416 Humilimns
1019 4350 1051 4413 et
1072 4349 1135 4415 obs.
1159 4340 1286 4414 servitor

837 4461 873 4531 G.
889 4463 996 4531 comos
1011 4465 1045 4531 in
1060 4464 1253 4554 Ortembnrg.
