3152 4902
644 161 867 230 ..85-

129 353 272 420 omnibus
295 354 323 421 si
345 351 542 424 sedulitatem
564 357 596 423 et
617 357 763 425 virtutem
786 360 920 428 veebum
941 359 1193 445 interposuerim,
1216 379 1252 428 ac
1273 361 1307 429 in
1328 361 1379 430 luis

130 487 205 554 quae
228 471 366 538 ossuum
380 472 411 538 et
427 470 515 539 Sedis
537 473 719 558 apostolicae
740 491 934 541 communem
956 476 1124 543 utilitatem
1138 475 1380 562 dignitatemque

128 585 287 652 continent
309 587 435 654 solitum
458 589 594 654 veebum
623 607 757 656 amorem
780 591 811 656 et
834 590 970 657 studium
992 591 1168 672 attuleritis,
1196 611 1258 659 non
1280 591 1380 660 solum

128 719 192 767 rem
214 701 306 768 nobis
328 702 540 787 gratissimam
563 703 617 770 sed
638 705 671 771 et
692 705 778 772 vobis
800 704 878 790 ipsis
901 707 937 772 ut
958 707 1144 775 arbitramur
1165 707 1379 776 commodissi-

129 834 211 882 mum
234 815 385 886 efficietis.
429 818 477 886 De
505 819 616 903 qiuibus
645 819 802 886 vobiscum
829 821 924 888 latius
952 822 1035 890 idem
1063 823 1221 908 episcopus
1251 824 1380 892 nuncius

129 931 231 998 noster
252 933 359 1020 uostrp
379 933 503 1001 nomino
524 936 604 1020 aget,
619 935 668 1002 cui
690 935 843 1002 babebitis
865 955 988 1004 omnem
1002 939 1103 1006 tidem.
1134 939 1251 1006 Datum
1264 940 1380 1009 Romae

727 1373 782 1446 60.

546 1565 732 1628 Praefecto
754 1565 966 1640 musae.

215 1746 337 1814 Dilecto
359 1745 414 1814 uli.
458 1747 541 1815 Tuae
569 1747 718 1815 bonitatis
740 1747 867 1832 storga
894 1765 961 1814 von
991 1745 1118 1812 tratrem
1140 1745 1275 1814 Ennium
1296 1745 1379 1832 epis·

128 1883 235 1947 copum
266 1862 455 1930 Verulanum
482 1861 629 1930 nuncium
657 1863 798 1930 nostrum
826 1861 1027 1947 benignitatis
1056 1860 1168 1928 ommia
1197 1861 1381 1948 significatio

129 1999 219 2063 quum
234 1977 286 2044 illi
307 1977 440 2045 inomni
462 1961 516 2045 ubi
529 1977 641 2046 accido
662 1980 797 2063 tempore
812 1977 1004 2065 praestitisti
1027 1978 1059 2044 et
1074 1974 1111 2044 de
1126 1996 1187 2062 qua
1207 1977 1261 2045 ille
1276 1997 1379 2046 exem·

129 2095 213 2180 ptum
235 2094 318 2180 apud
345 2112 401 2162 nos
424 2092 587 2179 perhibuit
616 2093 828 2161 testimouium
856 2093 992 2161 lecenmt
1020 2093 1056 2160 ut
1083 2092 1143 2160 etsi
1172 2091 1238 2160 siue
1265 2093 1381 2160 nostris

128 2210 241 2278 litteris
263 2211 295 2277 te
309 2209 342 2277 iu
356 2209 463 2278 eedem
477 2228 551 2296 erga
566 2208 668 2294 ipsum
689 2209 866 2295 episcopum
879 2209 1037 2276 uoluntate
1051 2227 1227 2294 permanere
1242 2207 1379 2278 credero·

130 2345 212 2405 mus;
243 2325 325 2411 quod
344 2327 448 2394 tamen
476 2325 565 2394 nobis
588 2344 653 2392 rem
681 2326 804 2411 gratum
832 2323 957 2392 fecbses
979 2324 1067 2391 nobis
1098 2324 1301 2392 annitentibus
1327 2324 1378 2392 in-

129 2442 267 2528 telligere
290 2441 499 2519 bredemum
522 2459 590 2508 vere
605 2439 689 2508 euim
711 2441 766 2507 illa
783 2440 886 2508 omnia
908 2439 1009 2508 officia
1029 2439 1064 2506 in
1078 2440 1201 2507 tautum
1222 2439 1380 2508 hominem

130 2559 215 2625 uobis
230 2556 386 2643 imprimis
407 2557 532 2642 gnatum
547 2557 577 2623 et
591 2556 755 2641 probatum
777 2556 866 2624 nobis
889 2555 966 2642 ipsis
981 2554 1054 2622 duta
1069 2554 1165 2622 tuisse
1179 2555 1380 2634 arbit-amun

131 2693 224 2758 neque
246 2672 370 2740 illorum
392 2670 572 2738 memmium
596 2690 703 2740 sumus
724 2671 884 2738 dimissuri
910 2671 1138 2756 plurimumque
1159 2690 1195 2738 ex
1217 2670 1262 2739 sis
1284 2671 1378 2740 bene·

131 2789 278 2856 velentiae
300 2805 374 2874 erga
402 2788 433 2856 te
456 2787 545 2854 uobis
572 2786 714 2854 iunctm
735 2805 802 2854 esee
832 2786 1030 2854 affirmamus.
1076 2783 1136 2854 Sed
1157 2805 1228 2854 oum
1250 2785 1379 2855 eundem

131 2924 207 2971 nuuc
229 2903 269 2972 ed
283 2903 378 2970 istam
393 2901 595 2970 fortissimam
609 2904 641 2970 et
655 2902 743 2970 uobis
762 2900 977 2969 cbauissimam
991 2902 1201 2970 Heluetiorum
1223 2902 1379 2970 nationem

131 3021 300 3106 episcopum
322 3018 469 3086 nundum
490 3017 661 3098 mittamus,
683 3018 736 3104 qui
758 3019 888 3112 atquae
911 3017 949 3083 ad
971 3036 1164 3084 communem
1186 3016 1309 3085 illorum
1325 3037 1377 3085 eu·

131 3137 225 3203 tutem
253 3137 344 3220 atque
373 3134 540 3202 utilitatem
562 3134 594 3201 et
622 3153 700 3220 quae
728 3133 768 3200 ad
790 3133 919 3201 Sanctae
942 3132 1030 3201 Sedis
1059 3132 1243 3217 apostolicae
1271 3132 1376 3219 digni·

132 3253 224 3317 tatem
245 3250 399 3336 pertinent
419 3250 524 3316 coebo
546 3267 616 3316 cum
637 3249 703 3316 illis
724 3249 848 3317 nomine
870 3251 944 3335 ngat
965 3251 998 3317 et
1019 3248 1230 3330 communicet,
1252 3247 1326 3317 lieet
1347 3251 1377 3318 te

132 3385 189 3434 non
210 3386 298 3451 egere
311 3365 483 3433 hortatione
497 3366 603 3432 nostru
624 3365 663 3431 ud
677 3365 769 3432 illum
783 3362 989 3432 adiuvandum
1003 3363 1255 3451 dirigendumque
1269 3364 1377 3433 existi

133 3499 256 3563 mennas,
277 3483 365 3548 tuam
386 3483 491 3549 amen
512 3478 702 3549 devotionem
724 3481 759 3547 in
780 3480 913 3548 Domino
934 3481 1093 3547 hortamur
1114 3480 1145 3547 et
1166 3479 1252 3548 enixe
1274 3480 1377 3568 requi-

133 3596 225 3663 rimus
247 3599 281 3664 ut
295 3599 399 3664 nosue
414 3597 510 3664 etium
531 3595 646 3664 intuitu
661 3597 691 3665 et
709 3595 965 3681 contemplatione
985 3595 1122 3663 eiusdem
1137 3595 1284 3664 bonitatis
1306 3596 1377 3663 tuae

134 3713 306 3799 nostraeque
327 3713 361 3781 in
383 3714 415 3780 te
443 3713 587 3798 paternae
607 3712 834 3780 benevolentiae
863 3712 908 3777 ita
930 3710 1006 3778 velie
1028 3709 1058 3777 ei
1078 3709 1113 3776 in
1141 3711 1282 3778 omnibus
1312 3710 1377 3778 suis

135 3827 297 3895 actionibus
328 3825 435 3896 adesse
466 3827 568 3896 favore
600 3827 726 3894 consiiio
755 3826 857 3914 grstia
886 3825 1066 3893 auctoritate
1089 3827 1125 3893 ut
1145 3826 1174 3892 ie
1203 3827 1376 3893 nostrorum

136 3942 341 4010 mandatorum
362 3962 475 4010 munus
497 3945 529 4010 te
549 3941 686 4010 adiutore
714 3943 856 4028 perficere
878 3942 989 4009 mouns
1018 3943 1050 4008 et
1071 3939 1240 4026 expeditius
1262 3939 1375 4024 possib

135 4057 180 4123 nui
201 4061 252 4126 tuo
272 4057 372 4126 officio
394 4057 551 4126 existimes
573 4059 715 4126 volamus
736 4079 792 4127 uos
821 4058 894 4126 data
915 4057 1070 4126 occasione
1098 4056 1165 4140 peri
1191 4053 1376 4122 liberalitate

137 4174 166 4238 et
194 4172 291 4242 studio
323 4171 543 4240 satisfacturos.
602 4173 718 4242 Datum
747 4175 863 4244 Bomos
891 4173 940 4244 die
968 4172 1043 4242 miii
1071 4169 1230 4240 Februarii
1257 4167 1377 4242 mdnv.

136 4285 218 4358 inno
240 4286 375 4359 emunda
