3192 4930
758 297 980 362 ..22-

245 481 489 567 corrigendorum
512 486 591 551 sicut
612 486 781 572 inspirante
797 487 918 554 domino
940 489 1122 574 iampridem
1137 494 1350 578 cogitavimus,
1366 495 1443 560 sumi
1457 495 1483 559 et

246 600 314 683 capi
337 619 396 666 non
420 603 518 668 solum
534 603 664 668 libenter
686 604 769 681 velit,
794 605 956 670 sedetiam
978 608 1013 671 ut
1035 609 1145 691 agatun
1160 627 1214 692 pro
1231 629 1285 674 sua
1299 611 1387 693 parte
1407 609 1483 676 66166

245 718 276 783 61
298 717 472 782 constanter
502 718 659 784 adurere:
704 717 791 800 Quod
820 721 883 787 Deo
906 722 1108 806 omnipotenti
1138 725 1395 808 acceptissimum,
1423 727 1483 790 1666

246 833 419 898 serenitatis
446 834 564 899 nomini
585 835 617 900 et
644 834 752 901 honori
779 837 932 921 imprimis
956 839 1145 919 conveniens,
1168 840 1257 906 nobis
1280 839 1484 924 superomnia

244 949 381 1014 futurum
404 951 451 1014 est
473 950 694 1032 gratissimum.

334 1064 450 1130 Datum
465 1065 579 1132 Romae
594 1068 650 1132 616.
688 1067 751 1132 xvii
771 1066 846 1151 Maij
870 1068 1016 1134 mdrxiiii.
1054 1069 1144 1135 Auno
1165 1070 1273 1154 primo.

846 1275 896 1339 17.

658 1414 745 1484 Regi
768 1411 1083 1474 christianissimo·

334 1537 497 1604 Carissimo
519 1539 553 1603 in
575 1537 696 1604 Christo
728 1539 773 1605 fili
801 1542 905 1606 noster
936 1542 1068 1607 salutern
1099 1543 1154 1607 etc.
1200 1540 1300 1608 Grave
1329 1543 1378 1608 est
1405 1541 1486 1607 nobis

245 1654 357 1733 audire,
380 1672 557 1737 quocunque
578 1654 611 1719 in
633 1655 697 1721 loco
720 1656 753 1721 id
775 1655 901 1734 accidat
924 1657 1030 1722 afferre
1045 1657 1108 1722 vim
1130 1659 1184 1723 aut
1206 1677 1333 1723 manum
1356 1657 1487 1742 personis

245 1770 467 1846 ecclesiasticis,
490 1789 526 1835 ac
547 1769 612 1835 illis
635 1771 795 1854 presertim
818 1790 894 1855 quae
923 1772 1087 1856 episcopali
1109 1773 1221 1838 bonore
1245 1773 1402 1840 decoratae
1418 1793 1485 1838 san·

244 1887 361 1952 etorum
377 1886 594 1970 Apostolorum
616 1887 751 1952 referunt
772 1889 804 1951 61
818 1905 929 1952 nomen
951 1888 982 1952 et
998 1887 1228 1954 successionem.
1252 1887 1384 1954 Gravius
1400 1890 1488 1954 etiam

244 2003 416 2087 intelligere
431 2003 469 2067 ab
486 2002 563 2085 ipsis
578 2002 630 2086 agi
652 2002 684 2066 et
698 2002 865 2085 perpetrari
880 2002 963 2082 talia
987 2003 1097 2086 quibus
1114 2004 1141 2069 si
1155 2023 1216 2069 non
1230 2004 1345 2070 iustam
1361 2023 1489 2080 causum

243 2120 329 2186 nulla
352 2118 436 2184 enim
458 2118 541 2183 16616
562 2117 746 2201 dignitatem
769 2118 1007 2184 ecelesiasticam
1024 2118 1159 2185 violandi
1182 2120 1289 2203 cuique
1311 2139 1404 2185 causa
1426 2139 1488 2186 esso

243 2235 353 2319 potest,
383 2235 416 2298 at
439 2233 550 2298 saltem
579 2225 734 2299 6111666666
762 2234 915 2317 aliquibus
944 2234 1090 2318 prebeant
1113 2236 1144 2301 in
1167 2254 1199 2300 se
1222 2233 1489 2300 animadvertendi

244 2350 321 2417 Cum
337 2351 432 2435 igitur
448 2350 668 2433 accepissemus
690 2353 802 2414 ren.lom
817 2348 944 2415 fratrem
960 2349 981 2414 J
982 2350 1109 2415 aeobum
1132 2350 1307 2435 episcopum
1322 2350 1490 2418 Eduensern

244 2469 314 2534 tuae
344 2465 517 2532 serenitatis
546 2465 673 2548 imperio
702 2465 872 2532 coniectum
900 2465 1114 2544 inserueram,
1144 2468 1176 2530 et
1196 2465 1275 2532 inibi
1303 2467 1407 2549 plures
1429 2467 1490 2532 iam

243 2602 364 2649 menses
386 2582 540 2647 retentum
561 2599 636 2658 esse,
666 2580 818 2646 doluimus
847 2582 927 2646 certe
949 2581 1053 2646 fratris
1082 2582 1180 2647 nostri
1202 2582 1409 2648 incommodo:
1439 2601 1492 2647 nec

244 2701 348 2764 tamar
370 2697 612 2764 existimavimus
644 2714 704 2761 non
734 2695 868 2778 aliquam
896 2696 985 2762 illum
1008 2697 1130 2781 culpem
1153 2699 1184 2762 et
1213 2697 1328 2762 crimen
1357 2716 1491 2763 comme-

243 2815 350 2892 missa
372 2813 569 2897 quamobrem
591 2813 662 2878 tuae
685 2811 842 2878 serenitati
863 2811 1000 2878 infensus
1026 2814 1114 2878 esset.
1122 2811 1146 2898 1)
1175 2811 1234 2878 Sed
1249 2832 1328 2893 eum
1350 2813 1445 2880 etiam
1469 2813 1495 2878 si

244 2931 359 3016 egisset
380 2930 434 2995 ille
456 2947 533 3012 quae
547 2947 609 2994 non
630 2926 767 3006 debebat,
790 2927 829 2992 ad
845 2927 1017 2994 serenitatis
1032 2929 1103 2994 tuae
1124 2929 1228 2994 tamen
1250 2929 1492 3012 magnitudinem

245 3047 342 3112 animi
364 3047 396 3110 61
409 3043 644 3128 amplitudinem
659 3043 821 3128 dignitatis
836 3043 986 3127 pertinere
1002 3043 1173 3108 statuamus
1189 3043 1289 3127 magis
1304 3064 1366 3112 non
1381 3063 1495 3128 ugnos-

245 3181 311 3228 cere
334 3180 427 3245 quam
449 3159 556 3226 ulcisci
577 3158 753 3225 huiusmodi
775 3158 911 3236 iniurias,
934 3177 1010 3242 quae
1025 3158 1187 3241 presertim
1208 3159 1285 3224 idtio
1308 3161 1399 3224 6166
1414 3157 1495 3242 legi·

245 3279 323 3345 tima
345 3279 497 3362 potestate
526 3274 564 3340 sd
587 3275 721 3358 aliquam
744 3275 891 3341 lesionem
917 3275 1040 3340 honoris
1069 3274 1268 3340 ecclesiastici
1291 3293 1324 3340 se
1345 3273 1497 3350 extendat

245 3395 295 3462 cui
317 3393 478 3460 deterreat
500 3391 611 3457 habere
626 3389 760 3474 aliquem
781 3390 926 3456 honorem
940 3409 1010 3455 cunr
1030 3389 1265 3474 imperatoribus
1288 3389 1499 3473 prestantibus

246 3510 363 3590 multis,
378 3511 446 3574 tum
455 3506 654 3573 Constantino
670 3505 801 3588 quodam
816 3504 929 3590 Magno
944 3504 993 3569 illi
1002 3504 1055 3588 qui
1069 3505 1152 3570 orbis
1168 3507 1266 3570 terrae
1280 3503 1422 3570 dominus
1438 3503 1499 3568 1611

246 3625 390 3692 eximiam
412 3621 566 3707 quandam
588 3621 745 3706 religionis
766 3619 890 3686 laudern
912 3621 944 3686 et
965 3619 1185 3703 temperantiae
1206 3620 1325 3698 attulit,
1346 3620 1499 3685 vellemus

247 3743 278 3807 te
299 3741 368 3826 pari
389 3759 459 3806 cum
481 3738 546 3804 illis
561 3737 675 3804 virtute
696 3735 851 3821 preditum
873 3734 999 3802 eandem
1015 3734 1232 3802 moderationis
1255 3735 1346 3820 61666
1360 3734 1501 3802 iustitiae

341 3951 361 4022 ¹)
380 3955 521 4014 1611611616
540 3953 674 4002 (16166616
693 3953 801 4000 lluroltio
828 3949 1064 4013 (166666611616611)
1090 3951 1202 4012 Episcopo
1221 3951 1320 4016 Bdnensi
1339 3951 1436 4010 (16166)
1458 3952 1502 4008 661

249 4069 300 4104 cunr
319 4055 422 4104 1616616
440 4051 586 4101 cabannensi
605 4051 716 4110 (1616166
734 4049 921 4105 (1601616666)
940 4050 1047 4109 episcopo
1064 4049 1180 4096 1616166ιί
1199 4061 1240 4095 666
1258 4047 1367 4097 Podienrl
1386 4049 1426 4110 (le
1437 4047 1501 4104 Pur)

248 4155 367 4202 6661666166
386 4153 464 4200 luerat
482 4151 506 4198 16
525 4163 639 4198 carcerem
657 4153 779 4196 6666661611
797 4148 826 4195 ds
844 4147 1003 4204 coniuratione
1021 4149 1116 4207 propter
1131 4147 1232 4194 laromm
1251 4144 1422 4194 Comitirtabuli
1440 4145 1503 4193 Bor·

250 4253 320 4300 borlo
338 4251 487 4311 praestitum.
525 4247 640 4295 16166166
663 4248 709 4294 lam
727 4246 786 4293 liber
810 4247 918 4294 cnseret
941 4245 996 4291 dum
1014 4245 1114 4292 lacobus
1132 4243 1208 4291 adhuc
1226 4243 1251 4290 16
1273 4256 1386 4292 carcerem
1409 4243 1503 4291 detine-

249 4349 328 4396 batur.
365 4347 475 4396 Processu
494 4347 607 4406 temporis
624 4344 732 4400 1666166,
751 4355 802 4390 cum
821 4357 834 4390 6
853 4355 944 4390 carcere
963 4341 1063 4398 16616661
1080 4343 1151 4399 atque
1168 4353 1194 4388 66
1211 4341 1236 4388 16
1254 4341 1347 4389 ltaliam
1365 4339 1505 4400 6666616661,

250 4459 264 4494 6
282 4444 364 4493 Carula
385 4446 400 4488 1
420 4445 518 4492 dueatur
536 4442 661 4490 lludiolani
679 4441 830 4488 macenaria·
847 4445 884 4487 661
901 4441 1002 4486 creatus.
