3258 4904
653 306 896 377 -453-

139 503 318 571 antedictus
341 507 482 590 utsupra
503 525 558 589 pro
572 504 720 572 tribunali
743 505 850 571 sedans
873 503 990 588 prefate
1013 502 1139 570 admisit
1162 502 1190 569 si
1204 504 1235 570 et
1249 503 1282 569 in
1298 522 1396 587 quan·

139 620 268 688 tumet
292 621 366 688 risis
389 624 420 688 et
442 621 555 688 auditis
578 621 704 706 pretatis
726 621 882 688 commisit
909 620 1062 704 prefatum
1084 620 1128 688 ill.
1152 619 1180 688 d.
1203 619 1396 704 Alpbonsum

138 736 234 803 citari
257 739 291 803 ut
314 757 405 822 supra
426 738 557 823 petitum
580 740 627 804 est
649 738 683 803 in
705 737 810 803 forme.

235 853 314 919 Acte
344 854 466 920 bierunt
494 853 550 920 hec
579 853 682 920 omnia
704 853 737 920 in
767 853 891 921 civitate
913 855 1075 920 Ravenna
1104 853 1136 918 in
1160 852 1241 918 dicta
1270 853 1396 920 ecclesia

139 969 312 1036 cathedrali
334 969 374 1035 ad
395 970 496 1037 locum
518 972 553 1035 ut
576 989 667 1054 supra
688 969 849 1036 iuridicum
877 970 1069 1054 presentibus
1092 967 1207 1035 ibidem
1233 967 1395 1036 reverendo

140 1086 170 1152 d.
195 1085 324 1152 Nimim
346 1085 497 1153 drimano
520 1085 557 1152 de
578 1087 747 1170 Fulgionee
776 1085 875 1150 dictae
898 1087 1020 1150 sanctae
1041 1084 1229 1151 Ravennatis
1252 1084 1395 1151 ecclesiae

139 1202 294 1282 00000100,
314 1201 437 1268 domino
451 1201 634 1268 Baldasaare
648 1201 807 1267 Bacinetto
824 1201 972 1292 magistro
988 1202 1072 1267 cheri
1088 1200 1224 1266 eiusdem
1243 1200 1394 1280 ecclesias,

139 1317 267 1384 domino
290 1317 466 1385 Hieronimo
489 1317 713 1402 Elephantutie
736 1317 885 1401 magistro
901 1317 1034 1401 capellae
1056 1316 1198 1397 musicae,
1222 1319 1253 1383 01
1271 1316 1394 1382 dominc

140 1433 305 1499 Vincentio
320 1433 466 1513 dranche,
488 1433 610 1499 domino
626 1434 717 1500 Patro
732 1433 892 1499 Franciaco
907 1433 944 1498 de
961 1432 1149 1513 rorasteriis,
1173 1433 1295 1499 domino
1316 1432 1392 1498 Phi·

138 1549 224 1633 lippo
248 1549 285 1616 de
309 1548 465 1616 Solarollis
487 1550 629 1616 omnibus
660 1549 836 1633 presbiteris
859 1548 994 1616 civitatis
1017 1550 1178 1615 Ravennae
1201 1549 1339 1615 testibus·
1354 1547 1393 1613 ad

138 1663 276 1749 predicta
298 1665 413 1732 vocatis
435 1667 490 1732 010.

229 1898 329 1964 Tener
351 1900 454 1964 autem
477 1898 552 1964 dicti
574 1897 667 1964 edicti
689 1900 720 1964 et
743 1897 897 1963 citationis
920 1898 993 1962 talis
1016 1899 1064 1963 001
1086 1896 1213 1963 videtur.

229 2012 395 2079 Baldassar
417 2014 595 2080 Berturolua
618 2012 747 2081 0000000
770 2013 846 2079 iuris
869 2013 1026 2098 utriusque
1049 2012 1153 2080 0100100
1175 2012 1311 2078 civitatis
1325 2013 1390 2077 Ra-

138 2145 254 2194 vennae
276 2129 411 2212 00100100
434 2131 465 2195 01
487 2129 519 2195 10
542 2131 600 2196 bec
622 2131 708 2213 parte
724 2129 802 2196 sacri
817 2128 943 2212 Imperii
959 2129 1129 2213 imperialis
1152 2128 1390 2195 commissarius.

228 2243 378 2311 Noverint
392 2245 527 2312 universi
542 2247 573 2312 et
588 2245 704 2330 singuli
726 2247 782 2311 hes
798 2245 953 2330 presentes
969 2247 1088 2310 nostrae
1103 2244 1209 2310 literas
1224 2243 1390 2326 inspecturi

137 2361 308 2446 pariterque
331 2361 447 2441 lecturi,
470 2362 600 2446 qualiter
614 2381 693 2428 anno
717 2361 909 2427 anatiritata
932 2360 1048 2427 domini
1071 2361 1168 2426 nostri
1182 2360 1259 2427 Jesu
1274 2357 1387 2425 Ohriet'

136 2476 303 2542 millesimo
333 2477 576 2562 quingentesimo
605 2477 765 2563 trigesimo
801 2476 966 2543 indictione
995 2475 1087 2542 tertia
1118 2478 1253 2560 tempora
1283 2475 1386 2559 ponti-

137 2592 246 2658 ficatus
270 2611 292 2658 0.
316 2593 349 2658 10
365 2591 486 2658 Christo
509 2594 605 2677 patris
628 2595 659 2659 01
682 2593 798 2659 domini
821 2592 919 2659 nostri
941 2591 1059 2658 domini
1073 2589 1240 2658 Clementis
1263 2590 1388 2675 septimi

136 2706 241 2775 divina
264 2708 384 2775 favente
407 2709 568 2775 clementia
597 2707 749 2792 pontificis
770 2709 906 2787 maximi,
929 2708 977 2774 die
1001 2725 1069 2774 vero
1092 2707 1241 2793 vigesima
1272 2706 1387 2773 mensis

135 2822 279 2907 Augusti,
301 2827 369 2890 010·
384 2823 416 2889 10
432 2822 554 2890 Christo
576 2826 662 2908 pater
677 2824 703 2890 d.
720 2825 854 2891 loannes
869 2825 978 2891 Petrus
994 2825 1149 2890 Ferrettus
1171 2823 1247 2890 iuris
1269 2822 1386 2889 utrius·

135 2938 992 3024 000110010000000100οΒ00000010001000011000100100
1007 2939 1191 3024 apostolicus
1207 2940 1387 3022 sanctaeque

134 3053 378 3120 Ravennatensis
393 3054 518 3121 ecclesie
534 3054 662 3121 ricarius
678 3056 838 3140 generalis,
861 3056 891 3121 01
913 3073 1030 3121 necnon
1046 3073 1068 3119 0.
1084 3053 1113 3120 d.
1129 3075 1158 3121 0
1175 3054 1202 3120 1.
1219 3053 1387 3120 Clementis

134 3168 239 3234 divina
260 3168 451 3253 providentia
472 3189 567 3255 00000
591 3171 714 3254 septimi
743 3171 918 3256 procurator
939 3189 974 3236 00
997 3169 1035 3235 ad
1064 3168 1259 3254 infrascripta
1282 3169 1385 3236 omnia

133 3285 165 3350 et
181 3284 303 3369 singula
326 3283 496 3371 peragenda
510 3287 637 3352 nuntius
653 3286 823 3370 specialiter
838 3285 1001 3370 deputatus
1016 3285 1132 3364 unicus,
1154 3284 1244 3368 prout
1266 3283 1303 3351 ds
1318 3283 1384 3351 eius

132 3400 354 3484 procurationis
369 3400 513 3466 mandate
529 3403 656 3480 constat
680 3403 711 3468 01
726 3403 849 3486 apparet
865 3420 900 3467 en
915 3401 1037 3485 publico
1051 3399 1254 3465 instrumento
1271 3399 1383 3484 scripto

132 3515 164 3581 et
187 3517 292 3600 rogato
316 3535 369 3599 per
384 3515 413 3581 d.
429 3515 582 3582 Veritium
606 3515 754 3601 Spatham
777 3516 814 3582 dc
837 3514 922 3582 Gesis
945 3515 1088 3582 clericum
1112 3513 1291 3599 Spoletanaa
1314 3515 1383 3583 die·

132 3629 210 3696 cesis
234 3649 369 3697 camerae
384 3631 567 3715 apostelicae
590 3631 742 3698 notarium
758 3650 875 3716 parma
897 3630 1050 3698 notarium
1065 3629 1294 3716 infrascriptum
1316 3631 1382 3698 viso

131 3747 163 3812 01
185 3747 264 3813 10010
286 3765 387 3813 coram
411 3749 498 3814 nobis
521 3748 555 3813 in
577 3747 703 3814 ecclesie
725 3747 892 3814 cathedrali
922 3748 1044 3814 sanctae
1066 3747 1307 3814 Ravennatensis
1330 3767 1381 3814 ec·

131 3861 241 3928 clasiae
264 3861 300 3929 de
323 3883 413 3930 mane
427 3863 502 3928 hora
524 3864 682 3929 tertiarum
699 3864 868 3947 comperuit
890 3863 921 3929 et
936 3862 1017 3928 dicto
1032 3861 1236 3946 procuratorio
1258 3861 1381 3930 nomine

130 3976 269 4042 exhibuit
291 3979 322 4044 01
342 3978 528 4062 presentavit
551 3977 698 4063 quasdam
720 3978 840 4044 litteras
856 3997 874 4043 a
890 3977 1098 4044 secretissimo
1120 3975 1243 4043 domino
1258 3977 1381 4045 domino

130 4091 237 4158 Carolo
260 4092 365 4176 quinto
390 4095 519 4178 augusto
535 4093 742 4160 Romanorum
765 4095 945 4177 imperatore
961 4095 992 4160 et
1007 4110 1099 4158 manu
1116 4109 1170 4157 sua
1186 4093 1381 4178 subscriptas,

130 4227 164 4274 00
179 4227 197 4273 0
212 4209 298 4293 tergo
321 4207 457 4293 ipsarum
474 4208 577 4294 sigillo
601 4209 678 4275 sacri
697 4209 822 4293 Imperii
846 4209 1007 4294 sigillatas,
1023 4226 1099 4291 quas
1114 4206 1237 4291 quidem
1259 4209 1380 4278 litteras

129 4325 163 4390 01
186 4343 278 4408 supra
301 4323 452 4390 exhibitas
475 4325 506 4390 01
528 4325 718 4408 presentatas
741 4325 911 4391 cumomni
934 4342 993 4408 que
1016 4322 1117 4389 decuit
1138 4325 1307 4391 reverentia
1322 4325 1379 4391 ad-

128 4439 272 4506 misimus
288 4439 319 4505 01
334 4439 502 4523 recepimus
526 4439 701 4506 huiusmodi
717 4440 773 4505 sub
794 4441 905 4521 tenore,
929 4438 1084 4506 videlicet:
1107 4436 1232 4506 Carolus
1254 4442 1380 4525 quintus
