3258 4904
750 303 993 372 ..484-

243 498 370 583 rogitns,
393 501 425 565 et
440 499 620 566 documenta
634 499 745 583 presuli
759 499 911 584 qnondam
927 501 1024 583 patris
1047 497 1109 564 mei
1123 498 1215 582 proni
1228 496 1349 562 mactat
1364 515 1400 561 aa
1416 494 1493 560 acb's

244 613 271 680 d.
296 613 449 682 Gabrielis
472 615 566 680 Florii
589 616 664 682 ciris
687 619 718 683 11
733 616 845 684 notarii
865 615 980 698 publici
995 613 1247 680 Ravennatemis.
1276 612 1348 677 Ideo
1372 613 1406 675 iu
1426 628 1495 693 pre-

243 729 410 796 missorum
431 731 522 798 fidem
552 731 603 798 bic
625 750 674 798 me
698 732 864 815 subscripsi
894 750 987 797 manu
1011 729 1141 814 propria,
1171 728 1294 812 signum
1325 743 1495 809 nomenque

245 864 347 911 meum
370 848 548 914 consuetum
563 847 690 933 apposui
711 847 876 931 requisitus
891 846 931 913 ad
952 845 1135 913 instantiam
1150 842 1332 930 magnificae
1354 839 1494 907 comuni-

242 960 318 1027 tatis
340 963 503 1029 Ravennae
526 964 582 1029 sub
605 963 654 1028 (lie
678 967 720 1032 23
744 963 859 1030 mensis
881 962 960 1029 Julii
985 963 1079 1030 1586.

332 1077 430 1145 Iocns
452 1077 472 1159 †
495 1079 585 1163 signi.

576 1246 761 1321 sapientes
785 1249 937 1308 civitatis
959 1248 1165 1306 1111111111.

331 1354 492 1422 Universis
514 1357 546 1422 et
575 1355 707 1441 singulis
729 1359 885 1440 presentes
914 1355 1038 1422 lecturis
1061 1355 1153 1420 fidem
1176 1353 1305 1419 facimus
1336 1351 1496 1420 indubiam

242 1471 274 1537 11
296 1471 479 1536 attestamur
500 1473 730 1556 retroscriptnm
753 1491 781 1556 q.
805 1471 833 1538 d.
856 1472 1008 1538 Joannem
1023 1469 1219 1536 Franciscnm
1234 1469 1441 1535 Bcnincasam
1459 1467 1497 1534 (le

242 1586 436 1671 retroscripto
459 1605 601 1669 processu
629 1591 772 1671 rogatum
795 1587 888 1653 fnisse
911 1587 1065 1653 notarium
1095 1584 1250 1669 publicum
1279 1584 1413 1668 legalem
1437 1583 1497 1650 lide

242 1701 370 1789 (lignum
394 1703 425 1768 11
447 1703 677 1768 matriculatum
700 1701 798 1769 dictae
822 1702 966 1781 civitatis,
989 1705 1020 1768 et
1042 1701 1194 1785 prelatum
1217 1698 1245 1765 d.
1268 1699 1494 1766 1111111111-

243 1818 353 1883 cobum
375 1818 441 1884 eins
470 1817 570 1884 filium
594 1819 646 1902 qui
668 1819 758 1884 illum
788 1819 1010 1884 authenticavit
1038 1817 1133 1882 finisse
1162 1818 1233 1882 ante
1255 1817 1322 1896 hac,
1351 1818 1386 1882 ’11
1417 1835 1498 1882 nunc

242 1952 308 1999 esso
332 1934 487 2016 publicum
509 1934 640 2018 legalem
664 1933 723 2000 fide
746 1934 874 2020 dignum
897 1937 928 1999 11
950 1933 1180 2000 matriculatum
1203 1931 1356 1997 notarium
1381 1931 1496 2014 pariter

242 2047 341 2114 (lictae
369 2049 504 2115 civitatis
534 2050 687 2133 bonaeque
704 2049 900 2116 'conditionis
933 2051 963 2114 et
985 2047 1099 2126 famae,
1130 2049 1161 2113 11
1183 2047 1247 2113 eius
1278 2048 1439 2130 scripturis
1461 2047 1496 2112 in

241 2163 396 2247 publicem
418 2163 548 2230 formam
564 2164 694 2230 redactis
716 2163 807 2230 fidem
832 2165 991 2231 indubiam
1007 2163 1145 2229 adbiberi
1167 2163 1199 2229 in
1221 2161 1332 2228 indicio
1348 2164 1381 2227 et
1403 2163 1494 2229 extra.

243 2279 281 2345 In
303 2298 431 2363 quornm
454 2278 545 2346 iidem
569 2279 624 2346 etc.

330 2395 446 2461 Datum
469 2397 629 2462 1111111111
652 2394 701 2461 die
727 2398 766 2463 13
789 2395 865 2461 Julii
894 2396 987 2462 1586.

331 2510 428 2578 Iocus
451 2509 471 2590 †
495 2510 600 2595 sigilli.
731 2510 840 2576 Petrus
863 2510 998 2576 Joannes
1021 2508 1174 2575 Mercatus
1198 2509 1407 2575 cancellarius.

331 2670 514 2757 Magnificus
537 2673 568 2736 11
597 2670 745 2738 excellens
776 2671 854 2737 dom.
878 2670 1001 2736 Drudus
1030 2671 1130 2736 Rncus
1153 2671 1220 2736 nob.
1252 2671 1496 2736 Ravennetcnsis
1625 2677 1626 2759 j

241 2786 265 2851 I.
282 2787 319 2852 U.
337 2788 373 2852 D.
390 2806 430 2851 or.
447 2787 486 2851 acl
501 2805 624 2870 presens
639 2787 835 2852 comunitatis
852 2788 1013 2852 1111111111
1029 2785 1129 2851 medio
1144 2785 1314 2852 iuramento
1330 2787 1424 2852 tactis
1439 2791 1494 2853 111

242 2919 352 2967 manus
374 2904 406 2967 11
420 2919 564 2984 personas
580 2902 778 2984 suprascripti
799 2902 917 2967 domini
931 2901 951 2966 J
953 2901 1060 2968 oannis
1075 2899 1183 2966 Jacobi
1198 2901 1367 2968 Benincasa
1383 2904 1495 2969 notarii

242 3015 270 3083 d.
298 3017 459 3101 potestatis
482 3018 643 3084 Ravennae
673 3036 708 3082 ac
730 3016 758 3081 d.
781 3017 866 3082 Petri
888 3015 1017 3082 Joanuis
1040 3015 1168 3082 Mercoti
1191 3017 1365 3084 cancellarii
1389 3037 1493 3084 comu-

241 3132 350 3198 nitatis
379 3133 549 3212 Ravennae,
572 3151 688 3199 necnon
711 3133 849 3217 sigillum
872 3132 1069 3198 comunitatis
1092 3132 1230 3215 superius
1253 3136 1440 3217 impressum
1461 3134 1491 3200 in

242 3248 340 3316 iorma
355 3247 538 3332 recognovit
561 3248 589 3316 (l.
605 3248 721 3332 Josepb
743 3249 794 3314 Ilii
818 3247 955 3314 Caesaris
971 3247 1102 3332 Terpoui
1124 3248 1160 3314 de
1179 3247 1369 3316 Saroierrabo
1394 3249 1491 3316 medio

240 3362 410 3430 iuramento
433 3365 514 3430 tacto
536 3365 592 3432 111.
615 3364 789 3449 recognovit
812 3367 846 3429 ut
871 3382 962 3448 snpra
984 3364 1017 3430 in
1040 3363 1145 3430 forma.

330 3525 506 3590 Extractum
523 3523 561 3591 (le
582 3523 726 3592 mandato
741 3545 765 3590 r.
786 3544 813 3607 p.
832 3523 859 3589 d.
876 3523 1004 3591 Joffredi
1018 3523 1170 3591 bomolini
1185 3543 1321 3591 camerae
1343 3527 1490 3608 apostoli·

241 3657 293 3706 cae
308 3639 460 3723 generalis
483 3638 687 3706 commissarii
709 3641 740 3706 et
755 3639 883 3705 archivii
905 3639 1040 3705 eiusdem
1063 3657 1199 3705 camerac
1221 3640 1345 3723 prefecti
1368 3661 1423 3724 per
1445 3662 1492 3708 me

241 3755 377 3840 Tydeum
402 3754 439 3820 de
463 3755 598 3820 biarchis
627 3753 762 3822 eiusdem
795 3774 931 3822 camerae
961 3754 1114 3822 noterium
1137 3757 1169 3820 11
1198 3754 1333 3821 eiusdem
1365 3758 1492 3824 archivii
1622 3751 1623 3759 '

241 3869 398 3938 custodem
420 3890 454 3936 er
470 3870 531 3937 alio
553 3871 626 3936 huic
648 3871 745 3936 simili
767 3871 921 3936 volumine
944 3871 978 3936 11
999 3871 1189 3954 premittitur
1207 3872 1370 3955 publicato,
1394 3876 1426 3940 11
1440 3893 1492 3957 per

242 3985 430 4070 supradictos
445 3985 540 4053 testes
562 4005 617 4071 per
631 4006 680 4052 me
703 3984 740 4052 de
764 3987 860 4052 simili
875 3986 1019 4052 mundato
1042 3989 1177 4070 receptos
1192 3987 1347 4072 recognito
1370 3991 1402 4055 11
1418 4009 1489 4056 con·
1621 3995 1622 4084 ἐ

241 4100 363 4167 cordato
386 4101 466 4184 quod
482 4102 610 4168 attestor
627 4121 684 4186 ego
706 4101 787 4168 idom
804 4101 940 4168 noterius
963 4103 994 4166 et
1016 4101 1118 4166 custos
1134 4104 1198 4181 111,
1221 4103 1252 4168 11
1274 4101 1307 4168 in
1330 4103 1423 4170 fidem
1442 4104 1490 4170 bic

241 4216 349 4300 scripsi
372 4217 404 4282 et
427 4216 602 4301 subscripsi.
809 4215 929 4301 Tydeus
952 4215 989 4281 cle
1012 4216 1155 4295 biarchis,

479 4351 615 4397 camerae
638 4330 821 4414 apostolicae
843 4331 978 4399 notarius
1001 4332 1032 4398 11
1054 4333 1156 4398 custos
1179 4369 1223 4380 -
1245 4351 1338 4398 manu
1362 4335 1490 4418 propria
1620 4323 1621 4332 ¹
