3152 4902
618 305 862 370 -101-

120 500 197 566 mino
218 500 424 568 adhortamr.
470 501 585 566 Datum
608 500 723 568 Romae
752 501 807 566 etc.
838 497 887 566 die
908 499 952 566 iii.
975 497 1080 564 Martii
1109 497 1227 564 mdxrv.
1273 495 1362 562 Auno

120 615 280 700 secundo.²)

675 731 799 818 (Foris).

419 848 538 916 mdxrv.
583 848 674 916 Anno
698 847 835 916 secundo.
881 845 986 912 llartii
1008 846 1052 912 iii.

178 965 288 1050 englis
310 964 377 1050 regi
398 983 453 1049 pro
476 961 623 1050 Gregorio
647 963 750 1031 Casali
771 962 872 1048 equile
895 963 1039 1029 redeunte
1062 963 1101 1028 ad
1124 961 1291 1028 Caesarem.

707 1279 757 1344 70.

625 1445 838 1517 Vlceregl.

196 1599 314 1665 Dilecto
336 1599 390 1665 fili.
436 1599 586 1665 Redeunti
615 1597 654 1664 ad
677 1597 870 1664 carissimm
892 1597 926 1663 in
948 1595 1069 1662 Christo
1096 1595 1196 1661 filium
1218 1595 1357 1660 nostrum

119 1713 276 1780 Hauricum
298 1715 429 1800 angliae
451 1735 556 1800 regem
578 1713 649 1780 fidei
671 1714 860 1781 defensorem
882 1713 992 1778 dilecto
1015 1711 1078 1777 lilio
1094 1709 1240 1796 Gregorio
1262 1709 1358 1793 equiti

114 1827 224 1896 caelio
253 1851 289 1896 ac
317 1831 376 1897 iter
404 1832 484 1897 istae
507 1831 632 1897 facienti
660 1830 853 1896 adiunximus
883 1849 948 1896 ven.
979 1829 1105 1894 fiunem
1135 1826 1356 1912 Hieronymum

113 1945 277 2029 episcopum
294 1947 540 2031 wigorniensem
562 1945 714 2029 prolatum
728 1947 867 2012 noenum
882 1945 1083 2011 domesticum
1105 1944 1158 2028 qui
1172 1943 1211 2009 ad
1226 1942 1356 2009 eundem

114 2079 206 2144 regem
229 2061 357 2128 tendens
371 2065 476 2128 nostra
491 2063 576 2146 prins
598 2065 700 2129 tecum
715 2061 951 2128 communicaret
967 2061 1102 2140 consilia,
1125 2063 1263 2146 factaque
1280 2080 1353 2145 gra·

112 2177 251 2244 tutatione
273 2180 339 2243 tam
354 2178 487 2264 insignis
503 2179 647 2245 violence
669 2197 763 2264 quam
777 2178 929 2244 Dominus
952 2178 1143 2262 omnipotens
1160 2178 1354 2245 serenissimo

113 2289 224 2359 Caesari
246 2295 278 2360 et
299 2295 385 2360 vobis
401 2294 528 2361 ducibus
551 2295 649 2378 ipsius
669 2294 708 2361 ad
723 2295 938 2361 extinctionem
954 2294 1111 2373 bellorum,
1134 2295 1170 2359 ut
1187 2313 1353 2379 speramus,

111 2407 238 2475 ennium
260 2410 292 2476 el
315 2409 445 2476 salutem
462 2411 697 2478 christianitatis
713 2410 870 2490 concessit
893 2410 955 2476 alia
970 2408 1079 2476 deinde
1093 2412 1253 2494 exponeret
1276 2430 1352 2494 quae

110 2539 159 2588 nes
179 2526 258 2590 certo
280 2525 465 2592 arbitramur
486 2527 671 2593 christianae
686 2527 867 2611 reipublicae
885 2527 916 2593 et
937 2525 999 2609 ipsi
1020 2523 1142 2591 Caesari
1164 2524 1203 2592 ad
1227 2526 1349 2593 stabili·

111 2637 196 2704 tatem
209 2640 311 2706 laudis
333 2643 365 2708 et
379 2641 516 2708 omnium
540 2643 648 2709 salutis
664 2663 731 2709 esse
753 2643 930 2709 neccssaria.
975 2641 1142 2708 Hortamur
1157 2643 1351 2710 nobilitatem

109 2751 239 2822 luamin
267 2757 399 2824 Domino
421 2760 457 2824 ut
479 2759 628 2825 ambobus
658 2759 734 2843 ipsis
758 2761 823 2824 tam
852 2757 948 2842 equiti
970 2755 1089 2824 Casulio
1119 2777 1211 2844 qnam
1233 2759 1349 2844 prefato

109 2868 237 2955 episcopo
266 2871 300 2938 in
321 2873 361 2940 iis
391 2893 448 2958 que
478 2874 593 2940 nostrin
616 2875 717 2940 verbis
747 2874 806 2942 tibi
836 2871 1076 2958 significaverint
1104 2872 1197 2942 fidem
1226 2893 1348 2942 omnem

108 2981 209 3052 habere
230 3007 265 3054 ac
287 2993 422 3056 mentem
447 3009 593 3075 auresque
616 2991 765 3075 benignas
788 2990 820 3055 et
841 2989 947 3054 faciles
970 2989 1114 3056 adhibere
1137 2991 1221 3057 velis.
1261 2988 1347 3072 Quod

109 3097 191 3166 facies
218 3103 306 3169 nobis
336 3123 527 3190 summopere
555 3109 688 3190 gratum.
733 3106 848 3172 Datum
871 3105 987 3170 Romae
1016 3107 1071 3172 eto.
1104 3105 1152 3172 die
1175 3106 1218 3172 iii.
1242 3105 1345 3173 Mart''

108 3213 216 3283 mdnv.
259 3220 348 3286 Anno
372 3221 511 3288 secunde.

501 3336 609 3404 Simile
631 3337 760 3404 mutatis
783 3333 956 3403 mutandis:

541 3452 654 3520 Infant‘

542 3569 712 3635 Marchioui
734 3568 888 3635 Piscariae

543 3685 627 3754 Dnci
643 3684 789 3751 Borbonii

428 3899 432 3906 '
543 3801 621 3866 Duci
644 3800 816 3868 Mediolani

187 4061 205 4129 ¹)
223 4067 248 4114 ln
266 4068 315 4114 alio
335 4069 457 4128 exemplari
475 4069 544 4119 huius
562 4071 684 4130 epistolae,
703 4071 742 4118 ubl
761 4072 867 4118 natatur:
899 4069 978 4118 Simila
998 4085 1040 4131 pro
1058 4074 1166 4132 episcopo
1185 4072 1341 4130 wigorniensi

105 4157 136 4204 his
152 4163 263 4212 adiunctis
282 4179 321 4212 =
339 4177 386 4213 non
403 4167 511 4224 leguntur
529 4169 599 4217 verba
617 4185 651 4214 =
670 4163 716 4217 aed
733 4163 802 4216 idem
820 4167 952 4232 epiecopus
964 4174 1052 4230 potue
1071 4183 1122 4216 non
1140 4166 1186 4217 fuit
1203 4187 1238 4216 =
1256 4173 1282 4220 et
1293 4173 1341 4221 illia

104 4259 171 4306 vertis
189 4262 332 4312 ubidicitur
349 4279 384 4310 =
402 4266 439 4313 cni
456 4269 482 4315 et
499 4267 589 4314 duabus
607 4267 661 4314 aliis
679 4267 771 4315 nunciis
790 4269 878 4315 nemis
896 4267 981 4315 ibidem
999 4269 1045 4316 ete.
1059 4283 1094 4312 =
1106 4267 1184 4316 deleta
1201 4270 1258 4316 suni
1271 4271 1341 4318 verba

105 4369 135 4398 =
151 4351 246 4408 duodus
262 4357 327 4411 allia
344 4365 369 4413 et
386 4361 430 4412 hoc
448 4365 540 4412 videtur
558 4365 589 4411 ab
612 4364 664 4424 lpse
691 4360 814 4411 sedeloco
839 4365 925 4412 factum
944 4378 997 4412 nam
1021 4365 1064 4412 aab
1082 4366 1224 4414 eerractlone
1245 4367 1287 4416 illa
1309 4370 1340 4417 sl·

104 4457 179 4509 mint
196 4451 257 4507 Sari.
