3152 4902
559 306 804 374 -175-

650 533 721 598 130.

585 697 775 758 Caesari

153 853 316 920 Carissimo.
360 851 541 936 Accepimus
563 852 683 918 litteras
705 869 752 918 ru.
773 851 852 918 Julii
866 852 954 918 detes
977 869 1062 936 quae
1084 851 1164 937 quod
1186 852 1225 920 ad
1239 871 1305 920 ore·

81 971 157 1035 andos
177 969 342 1035 cardinales
365 969 484 1046 attinet
507 970 592 1033 tuam
617 967 704 1032 nobis
726 967 914 1034 voluntatem
930 966 1153 1052 significabant
1168 971 1199 1034 et
1220 971 1309 1035 erant

80 1105 176 1170 <quoque
205 1105 297 1150 manu
329 1087 381 1150 tuo
413 1085 515 1167 ulique
546 1083 720 1166 perscripta.
782 1080 900 1163 Quibus
931 1082 1063 1149 breviter
1091 1084 1307 1168 respondentes

79 1206 140 1266 suu.t
165 1205 230 1266 tuse
259 1199 440 1266 nunciamus
464 1217 583 1282 semper
612 1197 675 1263 fore
705 1197 793 1263 nobis
816 1199 887 1264 ante
917 1199 1019 1264 oculos
1043 1199 1187 1265 honorem
1211 1199 1307 1283 ipsius

77 1317 151 1399 atque
164 1315 395 1400 amplitudinem
411 1315 627 1398 babiturosque
649 1333 704 1379 nos
720 1331 866 1398 magnam
881 1314 1031 1380 rationem
1045 1315 1213 1382 voluntatis
1228 1317 1307 1394 tuae,

77 1435 203 1514 quantum
226 1432 314 1498 nobis
336 1433 472 1515 tempora
495 1432 527 1496 et
549 1429 700 1496 officiosae
722 1429 900 1514 quaudoque
922 1429 1161 1496 necessitudines
1184 1433 1307 1497 nostrae

78 1546 250 1628 permittent;
274 1566 344 1612 cum
368 1546 447 1612 nihil
469 1545 571 1630 magis
593 1543 752 1629 cupiamus
767 1563 860 1629 quam
882 1563 985 1630 gerere
1008 1544 1041 1610 in
1057 1545 1199 1613 omnibus
1223 1549 1307 1612 ser.ti

75 1665 132 1726 tuac
152 1681 271 1727 rnorem.
311 1663 357 1726 De
379 1662 436 1726 hoc
457 1661 551 1726 latius
568 1659 661 1726 scribi
682 1659 895 1726 mandarimus
911 1660 951 1727 ad
973 1660 1025 1726 dil
1041 1661 1077 1727 fr.
1092 1661 1306 1728 Baldussarem

75 1777 274 1843 Oestilionsum
298 1777 442 1844 nuncium
458 1779 605 1852 noetnrm
628 1776 677 1842 cui
699 1777 802 1842 nostro
826 1775 947 1842 nomine
977 1776 1113 1860 loquenti
1136 1781 1232 1842 sente·
1254 1777 1308 1842 tuo

75 1891 152 1958 idem
179 1891 312 1958 habebit.
359 1893 474 1958 Datum
496 1892 611 1958 Romae
640 1895 696 1957 etc.
720 1891 768 1956 die
797 1891 872 1957 xxix.
896 1892 1031 1976 Augusti
1053 1892 1172 1958 mdnu.
1218 1893 1307 1960 Anno

75 2008 194 2073 emunda.

148 2239 311 2306 Archiduoi
332 2239 474 2306 Austriee
490 2276 534 2288 -
547 2239 716 2324 Responsio
739 2240 778 2306 ed
800 2239 865 2306 eius
888 2240 1008 2306 litterae
1031 2240 1068 2306 dc
1083 2239 1222 2325 episcopo
1237 2240 1307 2306 Tri·

75 2352 182 2421 donhno
211 2355 250 2420 ad
279 2355 485 2421 cardinalatus
517 2355 662 2421 honorem
690 2355 902 2439 promouendo.
956 2355 987 2422 ii.
1018 2355 1160 2422 Octobris
1190 2355 1309 2422 mdxxv.

73 2470 148 2535 Anno
169 2467 306 2537 mundo.

150 2584 318 2652 lirrchioni
340 2585 485 2653 Mantuae
507 2623 550 2634 -
573 2584 610 2651 de
633 2585 718 2652 obitu
740 2585 905 2652 cardinalis
922 2585 1115 2671 sigismundi
1139 2585 1309 2672 Oonaaguo.

75 2737 112 2748 -
131 2701 189 2768 viii.
211 2700 361 2780 Octobris,
384 2719 463 2768 anno
486 2704 520 2768 ut
543 2721 642 2787 supra

150 2817 272 2884 Herculi
295 2815 456 2904 Gonnegae
478 2855 522 2865 —
544 2816 683 2884 condolet
705 2817 839 2902 pontifex
858 2818 895 2885 ds
918 2819 1004 2885 obitu
1026 2818 1191 2885 cardinalis
1207 2817 1308 2902 Sigis-

76 2927 175 3012 nundi,
197 2933 382 3018 spondetque
406 2951 447 3012 ee,
470 2933 501 2998 in
525 2933 660 3016 proxima
683 2934 884 3000 cardinalium
907 2935 1065 3014 creatione,
1089 2953 1158 3000 eum
1181 2933 1236 3000 illa
1259 2935 1308 3000 di-

75 3047 177 3128 gnitate
199 3052 385 3114 ornaturum.
431 3049 545 3114 Romae
569 3049 630 3114 viii.
655 3049 795 3115 Octobris
819 3050 937 3116 mdrrv.
983 3051 1071 3116 Anno
1095 3049 1232 3116 secundo.

654 3311 725 3375 131.

476 3473 653 3534 Cardlnall
677 3476 898 3548 Magununo.

151 3627 269 3695 Dilecto
302 3628 347 3693 fili
378 3630 489 3694 noster.
544 3625 746 3694 Oratiseimas
776 3627 863 3694 nobis
893 3627 1064 3711 accepimus
1093 3628 1213 3694 littores
1242 3631 1311 3696 tuas

76 3741 138 3807 rrir.
159 3744 291 3828 Augusti
313 3743 410 3820 dates,
433 3763 509 3828 quae
524 3742 747 3810 excusationem
769 3743 991 3827 quodammodo
1015 3743 1169 3810 achonum
1188 3745 1310 3809 tuarum

76 3859 262 3938 continebunt,
285 3859 323 3925 do
346 3859 395 3924 his
418 3877 494 3943 quae
518 3877 604 3925 secus
626 3859 664 3925 de
686 3860 740 3923 tua
762 3859 940 3943 integritate
962 3861 993 3924 et
1015 3857 1187 3925 constsmtis
1209 3861 1311 3924 essent

77 3969 225 4057 diuulgata.
271 3975 373 4057 Atque
395 3975 430 4038 ut
453 3993 557 4040 rerum
580 3975 738 4054 fateamur,
768 3973 890 4040 fuerunt
912 3973 1035 4058 quidem
1058 3973 1113 4038 illu
1135 3973 1312 4040 choumlata

80 4091 252 4155 sermonibus
275 4089 315 4154 ed
345 4107 491 4172 auresque
515 4090 634 4154 nostras
658 4091 874 4173 pervenerunt;
905 4087 958 4155 sed
982 4107 1037 4154 noe
1052 4087 1105 4172 qui
1126 4088 1311 4172 circumpo-

77 4201 171 4268 utionis
192 4207 262 4270 tuae
285 4203 424 4270 animum
438 4205 620 4288 plenamque
642 4204 766 4287 pietatis
783 4206 918 4270 mentem
942 4205 1207 4288 cognoscebamus,
1230 4223 1310 4270 nun·

77 4335 154 4396 quam
175 4319 330 4404 potuimus
353 4319 462 4385 adduci
485 4321 518 4384 ut
541 4320 730 4385 crederemus
753 4323 873 4386 tantum
899 4319 983 4385 nolas
1002 4338 1021 4384 a
1043 4319 1099 4385 tali
1123 4321 1154 4386 et
1176 4319 1312 4402 principe

76 4432 102 4492 et
119 4433 260 4501 cardinali
280 4435 425 4500 adversus
449 4434 611 4518 ipsiusmet
628 4435 812 4520 dignitatem
834 4435 928 4502 luisse
943 4436 1150 4502 commissum.
1191 4433 1312 4515 Quam·
