3128 4908
557 307 713 376 --ιιι
756 341 801 356 -

72 523 174 570 summo
194 503 268 582 iure,
290 523 360 570 cnm
390 503 489 569 mnlta
511 503 640 570 obiicere
662 521 830 587 possemus,
859 520 950 587 egere
971 521 1041 569 cum
1063 502 1128 568 illis
1151 503 1302 571 voluimus

72 639 149 704 qmm
176 619 306 704 henigne
329 621 360 685 et
389 619 557 686 liberaliter
578 619 644 684 illis
667 618 833 703 indulgere.
887 618 994 703 Itaque
1022 619 1182 702 pecuniam
1211 639 1303 704 quam

71 737 213 818 petiemnt,
244 735 289 802 ita
312 735 376 800 illis
400 736 521 802 solvere.
537 735 637 819 parati
659 734 782 812 crimus,
806 734 833 799 si
855 735 959 799 tamen
982 734 1043 818 ipsi
1057 734 1177 801 reiectis
1200 737 1231 800 et
1252 754 1302 800 re-

73 851 189 934 pudiatis
210 851 314 935 pravis
344 850 506 917 haeresum
529 849 712 928 suasoribus,
742 849 781 914 ad
803 848 875 915 fidei
904 849 1070 916 catholicae
1098 849 1251 934 gremium
1274 852 1305 916 et

71 966 103 1031 ad
122 966 279 1050 pristinam
301 965 503 1032 reverentiam
518 963 606 1032 Sedis
629 965 811 1049 apostolicae
834 964 946 1031 reversi
975 964 1097 1044 moriut
1119 985 1223 1032 cume
1245 965 1305 1032 fide

75 1084 165 1146 uncle
186 1083 217 1147 et
238 1082 278 1147 eb
300 1082 359 1147 hac
375 1079 451 1148 Sede
472 1080 591 1160 alienis,
613 1100 674 1148 non
696 1079 788 1146 liceat
802 1081 944 1165 cuiquem
959 1079 1145 1166 minimeque
1166 1081 1305 1148 omnium

72 1196 193 1263 Romano
207 1196 345 1281 pontifici
367 1199 421 1262 aut
436 1195 641 1264 benivolentia
663 1197 716 1262 aut
738 1196 925 1262 liberalitate
939 1195 1004 1263 ulle
1020 1195 1189 1282 sudiugari
1218 1194 1306 1278 Quod

71 1313 153 1378 etiam
172 1331 231 1396 qno
245 1311 367 1378 facilius
389 1313 420 1379 et
435 1312 545 1378 melius
568 1331 658 1398 egere
680 1313 712 1378 et
733 1311 910 1394 resipiscere
931 1311 970 1378 ed
988 1312 1127 1378 remmus
1149 1311 1305 1379 notionem

71 1428 184 1512 possint,
205 1428 362 1495 offerimus
390 1447 446 1494 nos
468 1428 625 1495 hominem
647 1427 681 1494 in
703 1428 836 1512 aliquem
865 1427 930 1494 illis
952 1427 1165 1512 propinquum,
1194 1429 1305 1508 tutum,

71 1546 318 1629 opportunumque
347 1544 448 1610 locum
470 1543 592 1609 mittere
615 1544 738 1627 paratos
759 1562 836 1623 esso,
864 1545 939 1629 pute
960 1540 1140 1611 Gehenuam
1168 1545 1223 1609 eut
1243 1543 1305 1610 Ie·

71 1678 195 1741 sermm,
223 1658 277 1744 qui
299 1661 383 1726 locus
405 1659 452 1725 eis
473 1658 565 1724 tuerit
585 1661 702 1744 gratus,
731 1659 785 1744 qui
806 1657 916 1726 Semele
938 1658 1010 1726 fidei
1038 1659 1114 1726 iusti
1135 1659 1307 1746 cognitione

72 1773 203 1854 eruditae
232 1775 304 1842 illos
334 1775 519 1842 mlutarihus
542 1773 668 1843 monitis
700 1792 839 1842 revocare
861 1776 900 1841 ad
929 1777 1101 1861 respectum
1129 1778 1161 1843 et
1189 1777 1306 1843 cultum

72 1891 276 1976 omnipotentis
298 1890 357 1958 Dei
378 1891 484 1975 possit
514 1908 630 1958 necnon
651 1890 763 1977 impios
786 1893 981 1977 suggestores
1010 1891 1158 1959 falsarum
1187 1891 1306 1977 opinio-

72 2027 145 2086 num,
166 2007 275 2093 quihus
298 2026 317 2073 e
338 2009 420 2073 recta
453 2007 501 2073 ria
524 2007 588 2074 sint
610 2007 736 2088 seducti
768 2011 888 2076 auctore
919 2007 1034 2094 Spiritu
1066 2007 1177 2077 Sancto
1208 2010 1306 2078 victos

74 2125 156 2188 moris
182 2123 296 2190 litteris
325 2124 453 2208 repellat
475 2125 506 2188 et
528 2124 667 2209 corriget.
712 2123 827 2210 Magno
848 2125 932 2192 enim
961 2125 1156 2193 cumdolore
1184 2126 1309 2193 illorum

72 2239 152 2306 ahda
165 2239 313 2306 catholiea
327 2238 491 2306 dissidium
505 2241 537 2307 et
551 2239 735 2324 perniciosos
750 2259 866 2307 errores
881 2241 1021 2317 ferimue3
1037 2261 1113 2326 quae
1128 2261 1184 2308 nos
1194 2241 1305 2308 restris

73 2353 269 2422 devotionibus
292 2357 365 2424 nota
387 2355 625 2434 essevolumus,
654 2356 789 2440 primum
811 2357 847 2422 ut
868 2355 1082 2440 intelligeretis
1105 2375 1164 2442 quo
1193 2357 1309 2442 optimo

74 2470 163 2536 animo
184 2490 257 2556 erge
271 2471 365 2538 istem
387 2471 543 2538 nationem
559 2471 732 2539 universam
746 2490 883 2538 essemus
898 2471 1020 2556 prediti;
1041 2471 1149 2540 deinde
1164 2491 1218 2539 voe
1235 2473 1309 2539 hor·

74 2587 203 2666 taremur,
225 2588 261 2652 ut
283 2587 350 2671 peri
371 2606 444 2672 erga
467 2604 522 2654 uos
545 2588 577 2653 et
599 2586 678 2653 hanc
701 2585 811 2653 Sedem
826 2585 971 2654 Sanctam
993 2607 1047 2655 vos
1069 2589 1178 2656 essetis
1201 2589 1310 2655 volun·

74 2701 137 2781 teta,
156 2703 297 2789 ipsosque
311 2703 516 2784 lhrricenses,
538 2703 591 2787 qni
613 2722 648 2770 ex
671 2703 794 2770 nomine
809 2705 841 2770 st
856 2704 999 2770 societate
1014 2705 1116 2769 vestra
1139 2705 1218 2782 sunt
1237 2704 1310 2769 hor-

77 2817 206 2885 taremini
228 2821 267 2898 et
282 2821 431 2904 quantum
453 2817 587 2885 invehis
603 2821 691 2896 esset,
708 2817 809 2886 studio
825 2818 908 2885 omni
922 2819 1130 2903 impelleretis‚
1153 2821 1243 2903 prout
1257 2838 1312 2885 ros

76 2929 209 3000 launna
231 2952 293 3000 non
316 2934 411 3000 semel
433 2934 540 3000 faciem
569 2934 776 3001 intelleximus
799 2935 831 3000 et
853 2933 897 3000 eis
920 2953 1037 3019 quoque
1068 2935 1255 3019 scripsimus,
1278 2937 1313 3001 nt

78 3063 94 3110 e
119 3049 230 3115 semitis
260 3048 474 3115 damnatarum
502 3049 799 3134 perniciosarumque
827 3050 988 3116 haeresum
1024 3048 1063 3114 ed
1091 3050 1174 3116 viam
1203 3050 1315 3116 revecti

79 3162 203 3230 veriatis
218 3164 369 3249 fidemque
391 3167 514 3250 patrum
531 3185 662 3243 suornm,
686 3185 739 3249 per
753 3185 846 3250 qnam
863 3165 960 3231 solam
977 3163 1078 3230 aditus
1101 3166 1149 3231 est
1164 3164 1315 3231 advitam

80 3279 237 3360 mternam,
266 3281 410 3364 amplecti
433 3283 464 3346 et
486 3299 674 3364 recuperare,
704 3299 817 3365 resque
839 3283 872 3347 et
894 3283 1027 3348 vestram
1051 3281 1212 3360 viduum,
1242 3299 1315 3347 con·

80 3391 213 3462 stantium
235 3395 382 3480 pietatem
397 3394 514 3461 imitari
536 3397 658 3462 vellent.
704 3393 789 3476 Quod
813 3399 848 3462 ut
870 3396 989 3462 lecistis
1005 3397 1164 3481 vestraque
1186 3395 1317 3479 pristine

82 3507 171 3574 studia
192 3530 265 3596 erge
286 3511 366 3576 hauc
390 3510 534 3577 Sanctam
558 3509 667 3578 Sedem
698 3512 787 3578 solito
810 3531 912 3578 amere
941 3511 1091 3578 tueamini
1113 3513 1144 3576 et
1166 3511 1317 3578 renovetis

81 3619 241 3693 devotiones
257 3628 375 3693 vestras
390 3627 423 3692 iu
437 3627 568 3694 Demim
584 3627 752 3710 plurimum
767 3627 970 3694 adhortemur.
1002 3628 1119 3693 ilatum
1133 3627 1248 3694 Romae
1263 3629 1318 3693 stc.

81 3733 125 3802 die
145 3740 180 3808 xi
201 3741 378 3810 Decembris
400 3741 519 3810 mdxrv.
564 3743 765 3810 Pontificatus
787 3742 885 3810 nostri
907 3761 986 3809 anno
1009 3742 1107 3809 tertio.

663 4003 736 4071 150.

502 4168 635 4242 Magno
658 4166 890 4229 cancellario.

167 4319 281 4388 Dilecto
302 4321 358 4388 tili
403 4318 489 4402 Quod
512 4340 617 4388 omues
640 4320 773 4388 actiones
797 4322 868 4388 tuae
891 4319 954 4387 siut
968 4320 1104 4388 intentae
1127 4320 1167 4387 ad
1185 4323 1326 4388 muhram

85 4436 214 4502 uestram
233 4455 303 4508 cum
325 4437 520 4508 semnissimo
542 4436 671 4508 Caesare
693 4437 863 4506 amicitiam
885 4439 916 4504 et
942 4437 1181 4504 benivolentiam
1202 4457 1325 4505 conser-

1108 4543 1166 4616 13*
