3258 4904
645 307 885 376 -451-

134 501 297 588 deputavit
319 521 369 569 me
390 502 542 570 loannem
558 502 753 571 l'mnoiscnm
768 503 972 570 Benincasam
995 502 1148 571 notarium
1171 504 1388 572 electuarium

134 619 169 684 in
193 618 276 685 dicte
298 637 398 698 causa,
428 620 459 685 et
481 618 520 684 ad
542 619 645 686 omnia
673 619 843 686 necessaria
872 622 903 686 et
925 621 1094 704 opporhma
1122 639 1176 704 pro
1203 620 1390 704 expeditione

136 853 169 918 et
196 849 354 934 deputavit
376 850 409 916 in
431 849 564 934 presenti
587 868 678 916 causa
699 851 859 917 ecclesiam
877 849 1082 918 cathedralem
1098 851 1233 917 eiusdem
1255 851 1390 917 civitatis

136 967 302 1032 &vennae
323 965 357 1032 in
386 965 487 1032 medio
509 965 608 1032 dictae
638 965 781 1032 eeclesiae
803 967 834 1032 et
863 965 979 1032 ibidis
1008 965 1040 1031 in
1074 965 1156 1030 dicte
1178 967 1391 1034 commissione

138 1081 343 1148 determinata
365 1081 413 1147 ins
436 1080 560 1149 reddere
582 1082 650 1147 vult
672 1082 703 1147 et
724 1081 857 1147 intendit
875 1082 940 1147 tota
962 1081 1017 1146 illa
1039 1080 1088 1147 die
1109 1082 1141 1146 et
1162 1081 1298 1165 quelibet
1317 1082 1392 1148 hora

138 1199 170 1262 et
198 1197 333 1262 maxime
355 1195 392 1263 de
414 1216 504 1264 mane
533 1197 608 1263 hora
636 1196 795 1263 tertiarum
826 1197 856 1262 et
885 1195 955 1260 aliis
983 1196 1066 1262 horis
1095 1195 1334 1263 determinandis
1365 1198 1392 1263 si

138 1315 170 1378 ot
199 1331 270 1378 cum
293 1330 367 1396 opus
397 1311 489 1379 fixerit
510 1312 711 1396 nuntiumque
739 1313 771 1377 et
792 1312 980 1379 executorem
1002 1312 1216 1399 cuiuscumque
1238 1313 1393 1380 citationis

140 1431 172 1494 et
194 1427 289 1493 edicti
303 1427 434 1493 faventis
449 1429 481 1494 et
495 1428 669 1514 exequentis
685 1426 718 1494 in
733 1427 867 1512 presenti
890 1445 981 1492 causa
1004 1428 1035 1493 et
1049 1446 1103 1512 pro
1125 1430 1190 1494 eius
1206 1429 1393 1514 expeditione

140 1543 235 1629 elegit
257 1545 289 1609 et
314 1542 472 1627 deputavit
500 1543 667 1630 quemlibet
696 1543 839 1610 nuntium
865 1543 1000 1609 civitatis
1023 1544 1185 1612 &vennae
1207 1546 1273 1611 tam
1296 1547 1391 1613 eccle·

140 1659 300 1726 siastioum
323 1677 415 1744 quam
438 1661 605 1727 secularem
620 1659 705 1726 omni
727 1658 847 1726 meliori
867 1658 957 1725 modo
975 1660 1032 1726 ete.

153 1861 158 1872 ·
230 1830 329 1894 Tener
351 1830 453 1895 autam
475 1827 575 1896 diotae
597 1828 822 1895 commissionis
844 1828 918 1894 talis
940 1830 1002 1906 est;
1025 1828 1180 1898 videlicet:

188 2041 190 2044 ·
232 2005 357 2074 Carolus
387 2007 512 2092 quintus
542 2009 691 2093 augustus
721 2007 825 2074 divina
852 2006 972 2074 favente
1000 2008 1164 2076 clementia
1186 2011 1393 2079 Romanorum

142 2123 308 2207 imperator
330 2141 365 2188 ao
387 2120 578 2203 Germaniae,
600 2122 830 2205 Hispaniamm,
860 2123 1018 2207 utriusque
1040 2121 1170 2205 Siciliae,
1200 2126 1394 2195 Hierusalem

143 2258 195 2305 rex
217 2238 361 2305 archidux
383 2237 527 2304 Austriae
549 2239 604 2304 ete.
627 2238 798 2305 honorabili
820 2259 849 2303 n
879 2238 1025 2322 potestati
1048 2258 1101 2304 seu
1124 2241 1237 2324 pretori
1259 2242 1394 2309 civitatis

142 2353 386 2420 Ravenmtansis
408 2352 492 2419 fidoli
514 2343 603 2419 nohis
626 2351 736 2420 dilecto
759 2353 893 2438 gratiam
915 2354 1052 2419 nostram
1075 2373 1228 2422 cesaream
1251 2357 1283 2423 at
1305 2376 1394 2425 omne

143 2469 266 2536 bouum.
312 2467 388 2536 Qum
412 2469 513 2535 nuntii
535 2471 566 2535 et
595 2470 802 2554 procuratores
824 2469 1024 2534 beatitudinis
1051 2470 1204 2553 pontificis
1226 2489 1281 2555 pro
1303 2492 1393 2557 expe·

145 2584 260 2651 ditione
282 2602 390 2649 cansae
419 2603 522 2650 coram
551 2585 639 2650 nohis
668 2584 816 2668 tanquam
839 2585 954 2649 arbitro
983 2583 1164 2652 arbitratore
1186 2587 1217 2652 et
1239 2588 1396 2654 amicabili

144 2698 344 2783 compositore
367 2699 502 2765 vertente
530 2698 610 2766 inter
638 2698 767 2765 eandem
797 2698 993 2765 sanctitatem
1021 2699 1175 2784 pontificis
1197 2703 1229 2768 et
1251 2700 1396 2769 Sanctam

145 2813 255 2883 Senem
277 2815 475 2897 apostolicam
491 2815 633 2898 agentem
648 2833 684 2880 ex
699 2833 767 2894 una,
790 2815 821 2879 et
835 2813 879 2880 ill
894 2813 1001 2881 ducem
1016 2815 1171 2883 Ferrarius
1186 2816 1397 2885 defendentem

144 2930 284 3014 partibus
307 2949 342 2996 ex
364 2930 461 2996 altera
484 2949 574 3014 super
595 2929 808 2996 controversiis
830 2931 862 2996 et
890 2931 1135 2998 contentionibus
1157 2933 1396 3018 quibuscumque

144 3046 224 3115 inter
246 3046 331 3130 ipsas
353 3047 456 3130 partes
486 3045 695 3125 existentibus,
724 3047 755 3111 et
777 3045 810 3110 in
833 3047 901 3110 actu
925 3047 1138 3130 compromissi
1167 3048 1246 3114 inter
1275 3049 1397 3115 easdem

146 3163 247 3246 partes
271 3161 342 3228 initi
364 3161 395 3227 et
417 3161 533 3227 firmati
554 3161 649 3227 letius
672 3159 809 3227 deductis
839 3162 928 3245 egeat
950 3162 1153 3246 transumptis
1182 3164 1397 3229 nonnullorum

145 3275 375 3361 privilegiorum
392 3277 530 3342 actorum
545 3275 764 3360 scripturarum
779 3275 810 3341 et
824 3276 1098 3342 instrumentomm
1114 3276 1302 3360 aliommque
1325 3297 1396 3343 mu-

145 3392 353 3460 nimentorum
376 3391 469 3458 isthic
491 3391 695 3471 existentium,
717 3390 841 3475 Nosque
863 3392 1058 3474 transumpta
1079 3391 1255 3458 huiusmodi
1276 3393 1307 3458 to
1326 3412 1396 3477 pre-

146 3509 232 3574 sente
254 3506 434 3592 videnteque
456 3506 622 3592 exemplari
636 3507 667 3573 et
681 3506 845 3572 transcribi
868 3506 1000 3590 rectique
1016 3507 1047 3572 et
1068 3505 1194 3572 iuridioe
1209 3506 1400 3591 comprobari

146 3621 383 3700 decreverimus;
413 3620 524 3688 idcirco
547 3622 707 3707 negocium
729 3621 905 3687 huiusmodi
926 3621 986 3688 tibi
1007 3621 1179 3706 specialiter
1201 3623 1304 3689 tenore
1328 3641 1398 3707 pre·

149 3739 283 3806 sentirnn
305 3735 536 3804 committimus.
581 3737 764 3804 Mandautes
787 3737 845 3802 tihi
868 3739 1016 3821 quatenus
1044 3739 1184 3823 presente
1206 3739 1236 3804 et
1259 3737 1400 3804 audiente

148 3855 340 3940 procuratore
363 3852 438 3918 dicti
460 3853 504 3919 ill.
534 3851 619 3918 ducis
642 3853 722 3936 apud
752 3852 955 3937 nonagentos
986 3872 1038 3919 seu
1060 3853 1126 3920 eius
1156 3853 1322 3920 substituto
1352 3853 1401 3918 cui

148 3969 351 4054 peremptorie
373 3968 512 4035 intimari
526 3967 673 4034 iussimus
696 3970 731 4033 ut
745 3987 798 4051 per
818 3987 850 4034 se
872 3969 927 4033 ant
942 3968 1144 4034 substitutum
1168 3988 1256 4035 suum
1279 3969 1399 4053 legitti-

149 4104 237 4150 mum
260 4085 342 4150 intra
364 4084 550 4170 vigesimum
573 4083 714 4169 quintum
743 4082 825 4149 diem
847 4083 978 4167 proximi
1000 4083 1115 4150 mensis
1137 4084 1270 4168 Augusti
1299 4103 1400 4151 coram

150 4202 180 4266 te
195 4201 369 4284 compareat
391 4200 430 4266 ad
446 4198 609 4267 videndum
632 4201 663 4266 et
678 4198 861 4265 audiendum
878 4198 959 4263 dicta
974 4198 1135 4283 privilegia
1150 4201 1218 4266 acta
1234 4199 1402 4283 scripturas

150 4315 356 4381 iustrumenta
379 4317 410 4381 et
432 4316 622 4381 monimenta
645 4313 684 4380 ad
699 4313 875 4380 huiusmodi
892 4331 1016 4380 causam
1039 4313 1208 4380 faciendam
1231 4315 1263 4380 et
1276 4314 1402 4382 illorum

150 4430 380 4516 transcriptioni
396 4450 448 4498 eeu
464 4429 642 4498 extractioni
658 4429 908 4511 interessendum,
925 4428 1145 4515 dicendumque
1161 4431 1191 4496 et
1205 4430 1402 4516 allegandum

1182 4537 1243 4608 29*
