3128 4908
573 303 818 370 -217-

81 495 176 575 usse
197 497 345 576 auximus,
368 515 424 563 nos
445 497 509 562 iem
532 496 715 582 aliquotiens
738 496 852 576 hordei,
882 496 986 577 tritici,
1008 495 1143 581 pulveris
1165 515 1228 566 non
1249 513 1318 562 me·

81 611 200 678 dicarem
214 631 377 680 numerum
391 612 431 679 ad
446 611 662 680 sustentandae
677 632 761 679 eroes
777 611 918 680 Oronciee
941 613 1092 680 misimus.
1130 611 1197 678 Nos
1211 612 1318 679 urbem

82 727 202 795 Glissmn
217 729 266 795 bis
288 747 308 794 1
322 728 429 795 Turcis
444 730 602 796 obsessam
618 731 649 796 et
663 748 740 813 pene
762 731 892 813 captam,
908 730 1012 796 nosho
1025 729 1102 795 item
1118 727 1167 795 bis
1186 729 1319 812 sumptu,

82 845 173 910 noste
193 863 265 911 cure
286 844 493 924 liberavimus,
515 845 551 910 ut
572 845 700 930 quisque
713 845 747 910 in
768 845 814 911 eis
836 843 1012 929 regionibns
1033 843 1100 928 opis
1115 841 1240 928 indigus
1262 845 1318 924 sse,

81 959 174 1026 111111
195 979 251 1028 nos
272 980 361 1046 opem
382 960 516 1045 petitum
537 959 669 1039 advenit,
699 979 774 1045 quos
803 979 859 1028 nos
882 979 943 1027 non
966 960 1097 1026 sinimus
1120 977 1230 1028 111111
1253 958 1319 1044 spei

80 1075 192 1160 opisque
205 1076 367 1144 discedere.
390 1077 430 1142 Et
451 1076 527 1143 11111
540 1076 670 1143 iacimus
685 1076 770 1144 omni
791 1075 852 1160 ipsi
869 1094 933 1160 ope,
955 1075 1098 1142 omnibus
1113 1093 1205 1160 prope
1220 1073 1317 1142 vecti·

80 1192 190 1274 gehbus
211 1191 361 1258 destitub'.
398 1191 504 1258 Vincit
525 1194 630 1259 temen
652 1192 793 1260 uolentes
807 1191 1030 1278 impotentiam,
1052 1193 1085 1258 et
1098 1191 1171 1258 fidei
1192 1210 1228 1258 ec
1242 1191 1318 1258 1111-

80 1307 171 1374 ritntis
192 1307 293 1374 studio
317 1307 513 1375 difficultates
535 1326 641 1375 omnes
665 1308 852 1392 superentur.
899 1304 983 1388 Ques
997 1326 1068 1374 cnm
1090 1325 1108 1372 a
1131 1307 1219 1374 nobis
1242 1307 1319 1374 fient

81 1441 191 1489 summa
212 1424 350 1509 egestate
364 1423 526 1509 oppressis,
549 1441 568 1489 1
590 1424 621 1491 te
643 1443 761 1508 quoque
782 1422 1002 1508 expectendum
1028 1424 1077 1490 ost
1098 1423 1144 1489 fili
1166 1439 1263 1490 cer.me
1285 1423 1322 1488 ut

80 1539 191 1606 butum
212 1539 320 1606 inferri
341 1540 451 1605 vulnus
474 1539 659 1606 christianae
681 1539 864 1624 reipublicae
879 1539 1018 1624 lantque
1039 1538 1123 1624 ignis
1145 1537 1320 1606 incendium

79 1653 182 1720 finibus
204 1655 267 1720 tuis
289 1655 530 1740 appropinquare
552 1673 614 1722 non
637 1655 735 1732 sinum
765 1656 814 1722 est
835 1657 924 1722 tuum
946 1673 1017 1721 cum
1046 1673 1135 1740 egere
1158 1653 1321 1738 iuvereque

80 1787 126 1851 pro
146 1771 198 1836 tus
218 1771 306 1854 parte
328 1771 365 1837 ut
385 1771 460 1837 illuc
474 1771 631 1838 1111111111
654 1771 792 1838 subsidia
813 1771 986 1850 mittentur,
1008 1772 1077 1838 tum
1096 1769 1177 1856 apud
1200 1786 1320 1838 1111111

80 1883 195 1952 trahem
209 1887 299 1952 tuum
321 1886 406 1952 omni
420 1905 475 1970 ope
497 1889 590 1971 atque
611 1906 702 1972 opere
723 1887 884 1973 negocium
898 1905 1082 1971 promovere,
1105 1887 1139 1954 in
1161 1906 1220 1972 quo
1235 1886 1321 1954 omni

81 2001 222 2068 1111111111
245 2003 294 2068 est
315 2020 407 2087 opusc
429 2021 491 2069 non
513 2002 598 2069 enim
619 2003 766 2088 temporie
789 2002 950 2087 angustiae
972 2021 1091 2069 moram
1120 2003 1218 2070 ullum
1240 2002 1319 2070 reci·

80 2116 167 2198 piunt
203 2118 317 2184 Verum
340 2118 380 2184 ed
393 2118 469 2185 haec
483 2119 515 2185 te
528 2119 645 2185 hortari
667 2118 796 2186 fortusse
812 2118 998 2202 superfluum
1020 2120 1076 2199 set,
1099 2118 1179 2203 quod
1193 2118 1320 2185 habenti

80 2231 132 2298 tibi
151 2233 309 2300 1111111111
330 2233 365 2299 in
385 2233 440 2300 illo
462 2253 556 2319 regno
577 2233 707 2320 pignore
729 2234 777 2301 vel
805 2250 915 2302 111.111
938 2233 1049 2300 sororis
1072 2236 1143 2302 tuce
1166 2235 1215 2302 111
1236 2234 1319 2320 regis

81 2349 311 2415 coniunctissimi
333 2350 383 2415 vel
405 2350 476 2416 tuce
498 2349 592 2416 stium
619 2349 770 2416 finitimae
793 2350 966 2416 securitatis
989 2367 1051 2417 non
1073 2351 1121 2418 est
1142 2350 1242 2418 maior
1262 2350 1320 2417 ad-

82 2463 204 2530 hibsnrlu
225 2465 366 2532 hortatio.
411 2465 471 2532 Illo
493 2464 617 2550 quidem
646 2469 765 2533 recente
794 2466 905 2533 nuncio
928 2466 967 2532 ed
996 2466 1131 2551 ahquam
1155 2485 1210 2532 nos
1234 2485 1320 2551 spem

80 2579 163 2644 erecti
176 2599 290 2660 snmus,
313 2581 341 2647 si
356 2581 446 2648 morlo
461 2600 532 2648 vere
555 2582 611 2660 est,
632 2581 713 2648 inter
737 2599 856 2648 1111111·
871 2581 999 2648 fratrem
1014 2584 1103 2648 hrum
1125 2582 1157 2648 et
1175 2581 1320 2658 christin-

82 2695 233 2762 nissimum
255 2716 359 2782 regern
382 2697 466 2781 pacis
489 2696 669 2776 conciliatio,
693 2697 730 2764 de
752 2716 811 2782 qne
826 2717 962 2764 minores
985 2700 1131 2765 renerent
1146 2698 1223 2765 sutis
1246 2717 1319 2764 con-

83 2811 197 2890 stantes,
219 2811 273 2878 sed
295 2812 335 2878 ed
357 2831 412 2878 nos
441 2812 522 2878 nihil
544 2813 643 2880 adhuc
664 2813 867 2898 perscriptum
896 2813 1010 2890 fineret;
1033 2813 1091 2880 hoc
1120 2814 1203 2880 enim
1226 2813 1254 2878 si
1275 2813 1321 2879 ite

83 2928 153 2992 esset
173 2928 248 2993 satis
270 2927 396 2994 firmum
421 2927 607 3012 praesidium
634 2929 761 2996 heberet
782 2929 951 2996 christiena
979 2929 1151 3013 respublica
1174 2928 1319 2996 adsersus

82 3041 201 3125 impetus
229 3043 349 3109 futuros
377 3043 674 3111 immanissimorum
702 3044 846 3111 hostium.
893 3042 953 3111 Sed
982 3062 1063 3110 nunc
1092 3046 1196 3111 temen
1225 3063 1322 3129 regno

83 3155 223 3242 ngerice
245 3160 277 3223 et
299 3157 389 3224 rebus
417 3159 482 3225 illis
504 3159 679 3226 labentibus
709 3159 847 3226 celeriter
876 3159 1096 3228 succurendum
1118 3161 1173 3226 est
1220 3156 1320 3240 Quem

83 3275 112 3336 ut
130 3274 161 3338 tu
182 3293 299 3359 quoqne
321 3293 426 3340 curem
448 3276 481 3340 et
494 3275 712 3359 cogitationem
734 3275 866 3342 sollicito
884 3276 986 3342 enimc
1010 3276 1113 3360 capies
1136 3292 1320 3360 megnoperc

83 3385 254 3456 inllomino
276 3390 394 3457 nob.tem
418 3391 505 3456 tuem
527 3390 732 3458 adhortemur.
778 3390 865 3458 Sicut
887 3391 981 3457 letius
1009 3410 1079 3457 cum
1102 3408 1138 3456 ee
1160 3390 1212 3456 dil
1236 3389 1320 3457 lihns

83 3501 264 3572 hieronimus
286 3505 432 3572 Borerins
454 3505 583 3572 nuncius
606 3507 709 3573 noster
731 3506 844 3574 nostris
860 3506 960 3573 verbis
983 3509 1055 3592 eget
1077 3507 1126 3573 cui
1148 3507 1204 3572 ille
1226 3505 1319 3573 fidem

82 3616 200 3686 habebit
244 3619 362 3686 Datum
385 3621 499 3688 Romae
522 3622 576 3688 etc.
592 3621 641 3688 die
663 3621 701 3688 iu
717 3621 875 3688 Februarii
894 3605 1025 3687 mdrrvi„
1069 3622 1159 3688 Anno
1175 3621 1273 3687 tertio.

664 3819 735 3886 166.

575 3948 804 4010 Eborncensl.

159 4083 275 4150 Dilecto
297 4083 343 4148 fili
365 4087 476 4151 noster.
522 4085 562 4150 ne
583 4083 717 4169 legimus
740 4083 1018 4168 circumspectionis
1046 4085 1119 4151 tues
1146 4084 1266 4150 litteras
1289 4086 1321 4149 et

81 4193 178 4264 1111111
194 4196 377 4283 Gregorium
392 4197 540 4278 Goselem,
562 4200 715 4267 oretorsm
730 4199 812 4284 regis
826 4199 918 4266 istius
933 4198 1131 4265 invictissimi
1147 4198 1320 4266 audivimus

82 4312 174 4378 omnia
186 4313 239 4380 tue
252 4313 382 4380 consilia
396 4315 487 4399 atque
508 4314 622 4382 iudicia
644 4314 732 4381 nobis
754 4314 943 4394 referentem
966 4313 1118 4410 quaestui
1139 4315 1229 4398 plene
1244 4332 1318 4399 pru-

85 4421 278 4495 11111111111
301 4430 382 4507 sunt,
411 4429 547 4515 ferreque
577 4449 679 4498 secum
703 4429 896 4496 coniunctam
918 4430 951 4495 et
972 4427 1125 4495 commodi
1153 4427 1268 4518 publici
1291 4429 1322 4500 ct
