3128 4908
544 302 788 378 ..239-

61 497 230 570 uulelnnm
254 502 356 572 Bellai
377 505 535 572 deminum
558 505 702 591 laugerii
724 508 794 573 tuae
817 507 1292 587 ser.u·aeutien10‚h0minem

59 620 182 684 omnibus
206 620 355 687 virtutum
372 621 560 687 ornamentis
582 621 755 706 proellitum
776 621 844 688 fieri
859 624 1073 706 spectatorem
1097 623 1187 690 huius
1209 625 1291 692 euim

60 733 202 818 diligentia
224 736 378 802 industrie
406 737 543 821 probitas
572 738 704 804 maxime
733 737 822 804 nobis
845 737 904 804 fuit
927 739 1091 824 voluptati,
1121 741 1174 825 qni
1202 741 1292 807 rebus

58 851 183 916 omnibns
203 855 234 917 et
256 849 337 936 apuu
351 847 485 918 Venetos
508 853 539 919 et
553 868 645 938 penos
668 871 723 919 nos
737 853 912 937 perspectis,
935 867 1107 940 quenquam
1123 854 1210 921 tuam
1225 857 1291 922 ins-

59 965 158 1032 sionem
186 967 355 1034 revertendi
385 969 595 1052 expectaturus
625 971 700 1050 eret,
728 967 833 1035 tamen
862 971 966 1036 nostro
995 969 1118 1036 tormtu
1141 974 1172 1038 et
1194 971 1291 1038 missu

58 1083 102 1163 qni
121 1082 172 1146 loe
195 1085 327 1150 maxime
351 1083 553 1163 vulneremus,
577 1078 637 1151 siti
653 1083 692 1149 arl
714 1083 745 1150 te
768 1081 953 1150 redeuntium
969 1085 1165 1166 existimauit,
1187 1087 1219 1152 ln
1235 1087 1292 1152 too

57 1215 157 1282 quemue
178 1199 236 1265 titi
257 1199 410 1266 desereire
431 1217 465 1267 se
478 1201 631 1284 reputans,
655 1201 682 1265 sl
705 1203 823 1266 mature
838 1203 942 1266 nostre
965 1201 1004 1266 ad
1026 1202 1217 1269 temuuueta
1237 1201 1290 1268 de-

57 1311 208 1399 sideriaque
231 1313 372 1391 reiensi:
396 1331 456 1400 qno
478 1327 547 1381 unm
563 1313 687 1382 homine
701 1317 772 1382 tneo
795 1315 885 1382 seruit
906 1311 1092 1396 fidelissime,
1116 1315 1204 1383 notis
1219 1325 1290 1402 pro-

59 1428 203 1496 letieslluo
224 1429 329 1514 ample
350 1431 381 1497 et
403 1429 530 1516 largiter
558 1430 652 1498 loouti
675 1446 796 1510 sumus,
827 1444 903 1516 quae
925 1440 995 1498 eum
1017 1430 1170 1499 voluimus
1200 1429 1239 1499 eu
1262 1435 1292 1498 te

57 1544 176 1626 purione.
223 1544 307 1626 Quae
330 1544 499 1613 cuiusmodi
523 1547 595 1627 sint,
619 1547 763 1632 qmnlsm
787 1558 822 1614 ex
837 1547 892 1614 iilo
914 1549 1002 1634 plens
1026 1547 1234 1615 intellecturus
1250 1565 1292 1628 os,

57 1677 106 1724 non
125 1670 243 1728 neessse
266 1661 509 1728 existimavimus
532 1661 635 1728 emula
657 1679 723 1730 esse
739 1663 906 1730 scribenda.
952 1663 1020 1730 Duo
1035 1665 1156 1732 tantum
1179 1665 1293 1731 nostris

56 1773 153 1841 littoris
180 1777 240 1843 titi
271 1777 472 1863 signitioamla
502 1777 662 1863 morinum
691 1775 848 1856 duximns;
885 1797 979 1846 unum
1009 1784 1057 1847 est
1088 1777 1167 1866 quod
1202 1781 1292 1846 retus

56 1889 149 1958 ione
170 1893 327 1978 anquene
341 1877 602 1974 tabennenses,
624 1911 717 1979 quem
739 1895 775 1961 u
788 1891 860 1962 meo
883 1896 963 1962 eno
986 1895 1060 1962 torn
1075 1893 1191 1981 pontus
1215 1895 1291 1965 reno

55 2007 233 2094 euoluereqne
247 2009 377 2094 possint,
392 2009 454 2076 nisi
471 2015 566 2076 sente·
575 2011 629 2076 tua
643 2007 784 2076 aorinein
800 2025 924 2077 oausem
938 2023 1099 2096 coramque
1113 2011 1292 2092 incubuerit,

55 2125 174 2204 granio
194 2125 470 2210 pertimescendum
492 2129 548 2206 eei,
572 2135 610 2194 ne
633 2129 738 2193 eontra
760 2125 888 2206 eveniet,
911 2143 1002 2212 qnam
1019 2145 1037 2193 e
1052 2121 1141 2194 notis
1163 2122 1223 2194 init
1237 2128 1291 2194 de-

55 2239 204 2320 uguatum
250 2241 327 2308 Cum
350 2241 432 2308 enim
455 2243 594 2309 homines
617 2243 761 2309 victoriae
791 2240 901 2309 lirineia
923 2244 1029 2322 elatos,
1059 2245 1090 2310 ot
1113 2243 1213 2310 aliena
1241 2245 1291 2310 ni-

55 2355 138 2421 mium
159 2359 335 2443 appetentes
357 2359 397 2425 ad
418 2377 529 2444 aequas
552 2359 636 2443 panis
659 2353 847 2426 sortitiones
869 2355 1015 2426 adiutore
1039 2355 1230 2438 studeamus3
1263 2361 1290 2426 si

55 2469 94 2536 illi
114 2473 189 2540 tello
211 2489 273 2541 non
301 2466 459 2542 inierioies
481 2473 646 2556 extiterint,
676 2477 708 2542 et
736 2493 822 2544 arma
844 2477 949 2543 nostra
980 2471 1226 2561 contempserint,
1254 2475 1293 2541 ad

56 2589 186 2656 neiorem
215 2591 424 2676 arrogantiam
454 2593 485 2658 ei
513 2591 713 2676 munitatem
742 2591 875 2677 moletto
904 2591 1111 2659 inoenilsntm.
1158 2589 1293 2674 Quomm

56 2701 149 2771 teinle
170 2707 344 2773 animoset
373 2707 499 2792 spiritua
529 2721 625 2793 neque
654 2711 689 2774 tn
712 2725 807 2793 neque
836 2725 892 2774 nos
923 2703 1092 2794 poterimus
1121 2705 1292 2794 reprimere.

55 2819 179 2888 Alterum
202 2823 258 2901 osi,
283 2821 362 2907 quoe
385 2838 455 2889 omn
477 2835 533 2890 nos
555 2824 589 2890 in
611 2823 663 2889 tuo
686 2830 790 2889 amore
812 2823 843 2889 ei
865 2818 1075 2890 eoninnouone
1097 2815 1293 2908 potissimum

57 2937 238 3004 mneumns
253 2939 447 3023 requiesoere,
470 2937 627 3024 simusque
649 2937 707 3005 tibi
721 2939 865 3024 perpetuo
881 2932 980 3006 fidelis
1004 2929 1157 3006 amititiae
1171 2939 1293 3006 vinonio

55 3049 92 3114 ite
110 3053 259 3119 eonumoii
281 3053 385 3133 loturi,
407 3055 443 3120 nt
464 3051 581 3121 nsmlni
603 3071 739 3139 unquam
761 3051 882 3121 Gallina
904 3056 970 3140 regi
992 3055 1153 3141 quisquam
1175 3050 1290 3122 Itoma-

57 3183 103 3230 nm
122 3167 265 3252 pontifex,
288 3181 481 3254 quotcunque
503 3169 607 3236 lutura
629 3171 677 3236 est
699 3173 804 3238 nostra
827 3171 1002 3250 auotoritas,
1025 3169 1219 3250 existimatio,
1242 3169 1288 3236 ui·

56 3283 153 3364 gulten,
181 3301 216 3351 eo
237 3281 298 3350 titi
319 3285 386 3351 totu
415 3283 571 3369 prointnre
601 3285 656 3352 est
703 3283 801 3366 Quem
822 3303 878 3352 nos
908 3285 1046 3353 animum
1069 3295 1143 3371 erga
1164 3282 1204 3366 te,
1234 3287 1293 3352 etsi

56 3399 162 3478 putlioo
174 3392 412 3467 ennelianitntis
427 3399 506 3468 tono
523 3399 692 3486 praebituri
707 3416 821 3482 sumus,
844 3403 950 3470 tamen
965 3403 1127 3487 magnoin
1149 3417 1183 3468 eo
1198 3401 1292 3468 etiam

57 3513 95 3578 ris
114 3515 294 3584 artemonis
317 3531 390 3602 erga
413 3517 444 3582 te
466 3517 572 3595 nostrl
596 3534 687 3602 quem
709 3517 773 3584 toto
797 3515 885 3586 torte
907 3520 1061 3601 receptum
1076 3519 1219 3602 perpetro
1241 3532 1291 3584 re·

57 3629 155 3698 turturi
176 3648 291 3700 sumus.
338 3631 529 3718 Quapropter
551 3629 624 3718 quid
647 3631 739 3699 eil-to
754 3633 905 3718 pertineat
928 3634 1065 3700 nostram
1089 3628 1290 3700 existimatio-

57 3763 115 3812 nem
135 3749 212 3816 tneri
234 3747 324 3817 neue
346 3749 478 3834 ipsemet
499 3751 586 3834 potes
608 3765 794 3834 cognoscere.
841 3747 924 3816 Haeo
952 3749 1076 3835 quidem
1099 3746 1158 3816 uuo
1186 3749 1293 3836 quanti

57 3865 189 3932 momenti
217 3863 298 3951 aput
321 3865 458 3931 animum
489 3867 578 3932 tuum
599 3883 667 3931 osse
689 3865 833 3944 debeant,
864 3867 898 3930 ut
920 3863 1053 3950 cogitare
1083 3863 1174 3944 velis,
1204 3866 1292 3932 valde

58 3985 148 4044 serum
169 3985 256 4048 inam
278 3995 430 4067 rogamus.
477 3977 537 4047 Sed
559 3977 596 4046 uo
619 3979 677 4059 his,
701 3979 732 4046 et
754 3979 792 4046 (le
815 3977 885 4046 aliis
909 3981 948 4046 ud
970 3980 1054 4046 luen
1069 3979 1292 4064 pertinentibus

58 4105 140 4161 sors·
166 4099 219 4164 tua
247 4097 351 4182 ipsum
374 4093 563 4164 liulieumm
592 4095 697 4162 audiet
723 4095 913 4181 loquentem,
943 4097 975 4162 et
1003 4093 1141 4161 animum
1170 4108 1292 4162 omnem

58 4214 181 4280 nulnum
201 4215 292 4299 plene
314 4213 374 4280 titi
395 4215 603 4298 exponentem,
626 4213 675 4280 oni
697 4211 837 4280 tetidem
860 4211 972 4280 uetere
987 4211 1137 4280 solumne.
1176 4211 1292 4277 Datum

58 4323 158 4396 mute
179 4331 233 4398 eto.
257 4325 307 4397 tle
328 4330 410 4397 xviii.
435 4325 624 4414 Septembris
646 4325 777 4396 murini.
823 4331 911 4396 Anno
935 4330 1033 4395 tertio.
