<?xml version="1.0" encoding="UTF-8"?>
<!DOCTYPE html PUBLIC "-//W3C//DTD XHTML 1.0 Transitional//EN"
    "http://www.w3.org/TR/xhtml1/DTD/xhtml1-transitional.dtd">
<html xmlns="http://www.w3.org/1999/xhtml" xml:lang="en" lang="en">
 <head>
  <title>
</title>
<meta http-equiv="Content-Type" content="text/html;charset=utf-8" />
  <meta name='ocr-system' content='tesseract 3.04.00' />
  <meta name='ocr-capabilities' content='ocr_page ocr_carea ocr_par ocr_line ocrx_word'/>
</head>
<body>
  <div class='ocr_page' id='page_1' title='image "./monumentasaecul00sadogoog_0178.png"; bbox 0 0 3152 4902; ppageno 0'>
   <div class='ocr_carea' id='block_1_1' title="bbox 545 261 792 352">
    <p class='ocr_par' dir='ltr' id='par_1_1' title="bbox 545 261 792 352">
     <span class='ocr_line' id='line_1_1' title="bbox 545 261 792 352; baseline 0 -22"><span class='ocrx_word' id='word_1_1' title='bbox 545 261 792 352; x_wconf 55' lang='lat' dir='ltr'><strong>÷1no-</strong></span> 
     </span>
    </p>
   </div>
   <div class='ocr_carea' id='block_1_2' title="bbox 525 488 813 714">
    <p class='ocr_par' dir='ltr' id='par_1_2' title="bbox 525 488 813 714">
     <span class='ocr_line' id='line_1_2' title="bbox 635 488 707 556; baseline 0.014 -3"><span class='ocrx_word' id='word_1_2' title='bbox 635 488 707 556; x_wconf 81' lang='lat'><strong>115.</strong></span> 
     </span>
     <span class='ocr_line' id='line_1_3' title="bbox 525 649 813 714; baseline 0.003 -3"><span class='ocrx_word' id='word_1_3' title='bbox 525 649 619 713; x_wconf 88' lang='lat' dir='ltr'><strong>Dubl</strong></span> <span class='ocrx_word' id='word_1_4' title='bbox 642 651 813 714; x_wconf 87' lang='lat' dir='ltr'><strong>Borbonl.</strong></span> 
     </span>
    </p>
   </div>
   <div class='ocr_carea' id='block_1_3' title="bbox 60 805 1305 2606">
    <p class='ocr_par' dir='ltr' id='par_1_3' title="bbox 60 805 1305 2606">
     <span class='ocr_line' id='line_1_4' title="bbox 137 805 1293 894; baseline 0.008 -25"><span class='ocrx_word' id='word_1_5' title='bbox 137 805 193 870; x_wconf 90' lang='lat' dir='ltr'><strong>Dil.</strong></span> <span class='ocrx_word' id='word_1_6' title='bbox 215 805 268 872; x_wconf 88' lang='lat' dir='ltr'><strong>fili.</strong></span> <span class='ocrx_word' id='word_1_7' title='bbox 313 805 446 872; x_wconf 83' lang='lat' dir='ltr'><strong>Litterae</strong></span> <span class='ocrx_word' id='word_1_8' title='bbox 468 807 539 872; x_wconf 89' lang='lat' dir='ltr'><strong>tuae</strong></span> <span class='ocrx_word' id='word_1_9' title='bbox 561 806 610 874; x_wconf 92' lang='lat' dir='ltr'><strong>die</strong></span> <span class='ocrx_word' id='word_1_10' title='bbox 632 806 671 874; x_wconf 86' lang='lat' dir='ltr'><strong>ri.</strong></span> <span class='ocrx_word' id='word_1_11' title='bbox 695 809 726 873; x_wconf 90' lang='lat' dir='ltr'><strong>et</strong></span> <span class='ocrx_word' id='word_1_12' title='bbox 747 807 798 876; x_wconf 89' lang='lat' dir='ltr'><strong>xii.</strong></span> <span class='ocrx_word' id='word_1_13' title='bbox 828 808 919 878; x_wconf 91' lang='lat' dir='ltr'><strong>huius</strong></span> <span class='ocrx_word' id='word_1_14' title='bbox 949 809 1046 890; x_wconf 84' lang='lat' dir='ltr'><strong>datae,</strong></span> <span class='ocrx_word' id='word_1_15' title='bbox 1069 813 1175 894; x_wconf 81' lang='lat' dir='ltr'><strong>gratae</strong></span> <span class='ocrx_word' id='word_1_16' title='bbox 1205 812 1293 878; x_wconf 87' lang='lat' dir='ltr'><strong>nobis</strong></span> 
     </span>
     <span class='ocr_line' id='line_1_5' title="bbox 67 919 1292 1000; baseline 0.008 -16"><span class='ocrx_word' id='word_1_17' title='bbox 67 919 189 986; x_wconf 82' lang='lat' dir='ltr'><strong>mdomm</strong></span> <span class='ocrx_word' id='word_1_18' title='bbox 210 921 242 986; x_wconf 92' lang='lat' dir='ltr'><strong>in</strong></span> <span class='ocrx_word' id='word_1_19' title='bbox 266 921 390 987; x_wconf 91' lang='lat' dir='ltr'><strong>modum</strong></span> <span class='ocrx_word' id='word_1_20' title='bbox 413 923 444 986; x_wconf 93' lang='lat' dir='ltr'><strong>et</strong></span> <span class='ocrx_word' id='word_1_21' title='bbox 466 920 613 990; x_wconf 88' lang='lat' dir='ltr'><strong>iucundae</strong></span> <span class='ocrx_word' id='word_1_22' title='bbox 643 923 780 1000; x_wconf 82' lang='lat' dir='ltr'><strong>hrerunt;</strong></span> <span class='ocrx_word' id='word_1_23' title='bbox 804 923 997 993; x_wconf 86' lang='lat' dir='ltr'><strong>declararunt</strong></span> <span class='ocrx_word' id='word_1_24' title='bbox 1025 925 1108 994; x_wconf 91' lang='lat' dir='ltr'><strong>enim</strong></span> <span class='ocrx_word' id='word_1_25' title='bbox 1131 927 1292 994; x_wconf 89' lang='lat' dir='ltr'><strong>candorem</strong></span> 
     </span>
     <span class='ocr_line' id='line_1_6' title="bbox 65 1036 1293 1136; baseline 0.008 -38"><span class='ocrx_word' id='word_1_26' title='bbox 65 1037 89 1098; x_wconf 89' lang='lat' dir='ltr'><strong>et</strong></span> <span class='ocrx_word' id='word_1_27' title='bbox 107 1037 239 1103; x_wconf 83' lang='lat' dir='ltr'><strong>uirtrtem</strong></span> <span class='ocrx_word' id='word_1_28' title='bbox 254 1037 351 1104; x_wconf 89' lang='lat' dir='ltr'><strong>animi</strong></span> <span class='ocrx_word' id='word_1_29' title='bbox 366 1037 413 1102; x_wconf 89' lang='lat' dir='ltr'><strong>tui</strong></span> <span class='ocrx_word' id='word_1_30' title='bbox 435 1036 472 1102; x_wconf 86' lang='lat' dir='ltr'><strong>de</strong></span> <span class='ocrx_word' id='word_1_31' title='bbox 494 1037 583 1102; x_wconf 91' lang='lat' dir='ltr'><strong>uobis</strong></span> <span class='ocrx_word' id='word_1_32' title='bbox 598 1057 633 1104; x_wconf 89' lang='lat' dir='ltr'><strong>ac</strong></span> <span class='ocrx_word' id='word_1_33' title='bbox 649 1039 739 1104; x_wconf 91' lang='lat' dir='ltr'><strong>rebus</strong></span> <span class='ocrx_word' id='word_1_34' title='bbox 762 1039 875 1106; x_wconf 90' lang='lat' dir='ltr'><strong>nostris</strong></span> <span class='ocrx_word' id='word_1_35' title='bbox 891 1040 1104 1108; x_wconf 79' lang='lat' dir='ltr'><strong>amantissime</strong></span> <span class='ocrx_word' id='word_1_36' title='bbox 1119 1041 1293 1136; x_wconf 75' lang='lat' dir='ltr'><strong>cogitantis,</strong></span> 
     </span>
     <span class='ocr_line' id='line_1_7' title="bbox 64 1151 1291 1238; baseline 0.007 -22"><span class='ocrx_word' id='word_1_37' title='bbox 64 1151 127 1234; x_wconf 86' lang='lat' dir='ltr'><strong>quod</strong></span> <span class='ocrx_word' id='word_1_38' title='bbox 146 1155 174 1218; x_wconf 89' lang='lat' dir='ltr'><strong>et</strong></span> <span class='ocrx_word' id='word_1_39' title='bbox 195 1153 226 1218; x_wconf 87' lang='lat' dir='ltr'><strong>ts</strong></span> <span class='ocrx_word' id='word_1_40' title='bbox 249 1171 368 1237; x_wconf 89' lang='lat' dir='ltr'><strong>semper</strong></span> <span class='ocrx_word' id='word_1_41' title='bbox 397 1152 503 1218; x_wconf 85' lang='lat' dir='ltr'><strong>secisse</strong></span> <span class='ocrx_word' id='word_1_42' title='bbox 527 1153 650 1234; x_wconf 83' lang='lat' dir='ltr'><strong>scimus,</strong></span> <span class='ocrx_word' id='word_1_43' title='bbox 680 1154 766 1232; x_wconf 74' lang='lat' dir='ltr'><strong>etin</strong></span> <span class='ocrx_word' id='word_1_44' title='bbox 788 1157 943 1238; x_wconf 86' lang='lat' dir='ltr'><strong>posterum</strong></span> <span class='ocrx_word' id='word_1_45' title='bbox 967 1155 1120 1224; x_wconf 82' lang='lat' dir='ltr'><strong>lachrrum</strong></span> <span class='ocrx_word' id='word_1_46' title='bbox 1149 1176 1213 1225; x_wconf 91' lang='lat' dir='ltr'><strong>non</strong></span> <span class='ocrx_word' id='word_1_47' title='bbox 1232 1157 1291 1224; x_wconf 90' lang='lat' dir='ltr'><strong>du-</strong></span> 
     </span>
     <span class='ocr_line' id='line_1_8' title="bbox 64 1265 1293 1356; baseline 0.01 -26"><span class='ocrx_word' id='word_1_48' title='bbox 64 1265 183 1334; x_wconf 87' lang='lat' dir='ltr'><strong>bitamus.</strong></span> <span class='ocrx_word' id='word_1_49' title='bbox 230 1269 313 1334; x_wconf 85' lang='lat' dir='ltr'><strong>Dum</strong></span> <span class='ocrx_word' id='word_1_50' title='bbox 328 1268 411 1334; x_wconf 91' lang='lat' dir='ltr'><strong>enim</strong></span> <span class='ocrx_word' id='word_1_51' title='bbox 433 1287 521 1334; x_wconf 85' lang='lat' dir='ltr'><strong>eruas</strong></span> <span class='ocrx_word' id='word_1_52' title='bbox 544 1271 578 1334; x_wconf 92' lang='lat' dir='ltr'><strong>ut</strong></span> <span class='ocrx_word' id='word_1_53' title='bbox 594 1271 666 1336; x_wconf 89' lang='lat' dir='ltr'><strong>nota</strong></span> <span class='ocrx_word' id='word_1_54' title='bbox 688 1269 776 1336; x_wconf 89' lang='lat' dir='ltr'><strong>nobis</strong></span> <span class='ocrx_word' id='word_1_55' title='bbox 800 1270 864 1337; x_wconf 87' lang='lat' dir='ltr'><strong>sint</strong></span> <span class='ocrx_word' id='word_1_56' title='bbox 885 1271 917 1337; x_wconf 89' lang='lat' dir='ltr'><strong>et</strong></span> <span class='ocrx_word' id='word_1_57' title='bbox 939 1289 975 1336; x_wconf 84' lang='lat' dir='ltr'><strong>se</strong></span> <span class='ocrx_word' id='word_1_58' title='bbox 990 1291 1066 1356; x_wconf 85' lang='lat' dir='ltr'><strong>quae</strong></span> <span class='ocrx_word' id='word_1_59' title='bbox 1089 1272 1239 1354; x_wconf 77' lang='lat' dir='ltr'><strong>accidunt</strong></span> <span class='ocrx_word' id='word_1_60' title='bbox 1261 1275 1293 1342; x_wconf 87' lang='lat' dir='ltr'><strong>et</strong></span> 
     </span>
     <span class='ocr_line' id='line_1_9' title="bbox 63 1383 1291 1474; baseline 0.011 -28"><span class='ocrx_word' id='word_1_61' title='bbox 63 1383 168 1448; x_wconf 76' lang='lat' dir='ltr'><strong>unsih</strong></span> <span class='ocrx_word' id='word_1_62' title='bbox 181 1403 253 1449; x_wconf 90' lang='lat' dir='ltr'><strong>cum</strong></span> <span class='ocrx_word' id='word_1_63' title='bbox 276 1383 341 1450; x_wconf 87' lang='lat' dir='ltr'><strong>illis</strong></span> <span class='ocrx_word' id='word_1_64' title='bbox 364 1385 425 1462; x_wconf 83' lang='lat' dir='ltr'><strong>tua,</strong></span> <span class='ocrx_word' id='word_1_65' title='bbox 449 1385 526 1450; x_wconf 88' lang='lat' dir='ltr'><strong>satis</strong></span> <span class='ocrx_word' id='word_1_66' title='bbox 541 1385 631 1468; x_wconf 87' lang='lat' dir='ltr'><strong>plane</strong></span> <span class='ocrx_word' id='word_1_67' title='bbox 653 1384 798 1464; x_wconf 79' lang='lat' dir='ltr'><strong>ostendis,</strong></span> <span class='ocrx_word' id='word_1_68' title='bbox 820 1404 913 1468; x_wconf 88' lang='lat' dir='ltr'><strong>quam</strong></span> <span class='ocrx_word' id='word_1_69' title='bbox 928 1405 1001 1472; x_wconf 83' lang='lat' dir='ltr'><strong>erga</strong></span> <span class='ocrx_word' id='word_1_70' title='bbox 1023 1407 1078 1454; x_wconf 89' lang='lat' dir='ltr'><strong>nos</strong></span> <span class='ocrx_word' id='word_1_71' title='bbox 1101 1389 1183 1474; x_wconf 76' lang='lat' dir='ltr'><strong>geris</strong></span> <span class='ocrx_word' id='word_1_72' title='bbox 1202 1389 1291 1460; x_wconf 89' lang='lat' dir='ltr'><strong>beni·</strong></span> 
     </span>
     <span class='ocr_line' id='line_1_10' title="bbox 66 1499 1292 1590; baseline 0.009 -29"><span class='ocrx_word' id='word_1_73' title='bbox 66 1499 207 1564; x_wconf 84' lang='lat' dir='ltr'><strong>rolantiam</strong></span> <span class='ocrx_word' id='word_1_74' title='bbox 230 1501 269 1565; x_wconf 89' lang='lat' dir='ltr'><strong>ab</strong></span> <span class='ocrx_word' id='word_1_75' title='bbox 293 1499 410 1582; x_wconf 90' lang='lat' dir='ltr'><strong>optima</strong></span> <span class='ocrx_word' id='word_1_76' title='bbox 431 1517 499 1566; x_wconf 88' lang='lat' dir='ltr'><strong>eam</strong></span> <span class='ocrx_word' id='word_1_77' title='bbox 522 1501 554 1566; x_wconf 88' lang='lat' dir='ltr'><strong>et</strong></span> <span class='ocrx_word' id='word_1_78' title='bbox 577 1499 693 1566; x_wconf 83' lang='lat' dir='ltr'><strong>sincera</strong></span> <span class='ocrx_word' id='word_1_79' title='bbox 716 1500 873 1584; x_wconf 90' lang='lat' dir='ltr'><strong>procedere</strong></span> <span class='ocrx_word' id='word_1_80' title='bbox 897 1503 1067 1580; x_wconf 84' lang='lat' dir='ltr'><strong>voluntate;</strong></span> <span class='ocrx_word' id='word_1_81' title='bbox 1090 1523 1144 1590; x_wconf 92' lang='lat' dir='ltr'><strong>pro</strong></span> <span class='ocrx_word' id='word_1_82' title='bbox 1167 1525 1235 1590; x_wconf 74' lang='lat' dir='ltr'><strong>qun</strong></span> <span class='ocrx_word' id='word_1_83' title='bbox 1258 1508 1292 1574; x_wconf 92' lang='lat' dir='ltr'><strong>ut</strong></span> 
     </span>
     <span class='ocr_line' id='line_1_11' title="bbox 64 1613 1298 1703; baseline 0.012 -27"><span class='ocrx_word' id='word_1_84' title='bbox 64 1613 195 1694; x_wconf 85' lang='lat' dir='ltr'><strong>debemus,</strong></span> <span class='ocrx_word' id='word_1_85' title='bbox 219 1615 286 1699; x_wconf 85' lang='lat' dir='ltr'><strong>pari</strong></span> <span class='ocrx_word' id='word_1_86' title='bbox 308 1615 388 1681; x_wconf 90' lang='lat' dir='ltr'><strong>certe</strong></span> <span class='ocrx_word' id='word_1_87' title='bbox 411 1615 468 1680; x_wconf 93' lang='lat' dir='ltr'><strong>tihi</strong></span> <span class='ocrx_word' id='word_1_88' title='bbox 490 1634 593 1681; x_wconf 90' lang='lat' dir='ltr'><strong>amore</strong></span> <span class='ocrx_word' id='word_1_89' title='bbox 616 1619 647 1682; x_wconf 88' lang='lat' dir='ltr'><strong>st</strong></span> <span class='ocrx_word' id='word_1_90' title='bbox 669 1615 769 1682; x_wconf 89' lang='lat' dir='ltr'><strong>studio</strong></span> <span class='ocrx_word' id='word_1_91' title='bbox 793 1618 1017 1702; x_wconf 82' lang='lat' dir='ltr'><strong>respondemus.</strong></span> <span class='ocrx_word' id='word_1_92' title='bbox 1063 1617 1150 1703; x_wconf 79' lang='lat' dir='ltr'><strong>Quod</strong></span> <span class='ocrx_word' id='word_1_93' title='bbox 1172 1621 1298 1693; x_wconf 83' lang='lat' dir='ltr'><strong>utinam.</strong></span> 
     </span>
     <span class='ocr_line' id='line_1_12' title="bbox 62 1729 1291 1820; baseline 0.011 -30"><span class='ocrx_word' id='word_1_94' title='bbox 62 1729 158 1796; x_wconf 81' lang='lat' dir='ltr'><strong>assidat</strong></span> <span class='ocrx_word' id='word_1_95' title='bbox 179 1733 215 1796; x_wconf 90' lang='lat' dir='ltr'><strong>ut</strong></span> <span class='ocrx_word' id='word_1_96' title='bbox 236 1751 269 1797; x_wconf 90' lang='lat' dir='ltr'><strong>re</strong></span> <span class='ocrx_word' id='word_1_97' title='bbox 290 1731 444 1815; x_wconf 91' lang='lat' dir='ltr'><strong>possimus</strong></span> <span class='ocrx_word' id='word_1_98' title='bbox 467 1731 526 1796; x_wconf 92' lang='lat' dir='ltr'><strong>tibi</strong></span> <span class='ocrx_word' id='word_1_99' title='bbox 547 1731 708 1799; x_wconf 85' lang='lat' dir='ltr'><strong>declarare.</strong></span> <span class='ocrx_word' id='word_1_100' title='bbox 754 1731 819 1798; x_wconf 87' lang='lat' dir='ltr'><strong>Nos</strong></span> <span class='ocrx_word' id='word_1_101' title='bbox 842 1734 874 1800; x_wconf 89' lang='lat' dir='ltr'><strong>et</strong></span> <span class='ocrx_word' id='word_1_102' title='bbox 895 1734 932 1798; x_wconf 89' lang='lat' dir='ltr'><strong>de</strong></span> <span class='ocrx_word' id='word_1_103' title='bbox 954 1734 995 1800; x_wconf 91' lang='lat' dir='ltr'><strong>iis</strong></span> <span class='ocrx_word' id='word_1_104' title='bbox 1021 1754 1097 1820; x_wconf 87' lang='lat' dir='ltr'><strong>quae</strong></span> <span class='ocrx_word' id='word_1_105' title='bbox 1121 1737 1229 1804; x_wconf 87' lang='lat' dir='ltr'><strong>scribis</strong></span> <span class='ocrx_word' id='word_1_106' title='bbox 1252 1738 1291 1804; x_wconf 85' lang='lat' dir='ltr'><strong>ad</strong></span> 
     </span>
     <span class='ocr_line' id='line_1_13' title="bbox 62 1845 1292 1936; baseline 0.01 -28"><span class='ocrx_word' id='word_1_107' title='bbox 62 1862 104 1908; x_wconf 90' lang='lat' dir='ltr'><strong>nos</strong></span> <span class='ocrx_word' id='word_1_108' title='bbox 125 1846 269 1922; x_wconf 90' lang='lat' dir='ltr'><strong>sentimus</strong></span> <span class='ocrx_word' id='word_1_109' title='bbox 293 1845 374 1912; x_wconf 90' lang='lat' dir='ltr'><strong>idem</strong></span> <span class='ocrx_word' id='word_1_110' title='bbox 397 1847 476 1931; x_wconf 91' lang='lat' dir='ltr'><strong>quod</strong></span> <span class='ocrx_word' id='word_1_111' title='bbox 499 1849 542 1926; x_wconf 78' lang='lat' dir='ltr'><strong>tu,</strong></span> <span class='ocrx_word' id='word_1_112' title='bbox 565 1849 597 1912; x_wconf 90' lang='lat' dir='ltr'><strong>et</strong></span> <span class='ocrx_word' id='word_1_113' title='bbox 619 1848 654 1912; x_wconf 92' lang='lat' dir='ltr'><strong>ut</strong></span> <span class='ocrx_word' id='word_1_114' title='bbox 676 1866 731 1914; x_wconf 88' lang='lat' dir='ltr'><strong>noe</strong></span> <span class='ocrx_word' id='word_1_115' title='bbox 754 1847 791 1914; x_wconf 89' lang='lat' dir='ltr'><strong>de</strong></span> <span class='ocrx_word' id='word_1_116' title='bbox 808 1848 939 1934; x_wconf 79' lang='lat' dir='ltr'><strong>singulis</strong></span> <span class='ocrx_word' id='word_1_117' title='bbox 962 1851 1052 1918; x_wconf 90' lang='lat' dir='ltr'><strong>rebus</strong></span> <span class='ocrx_word' id='word_1_118' title='bbox 1075 1871 1151 1936; x_wconf 86' lang='lat' dir='ltr'><strong>quas</strong></span> <span class='ocrx_word' id='word_1_119' title='bbox 1174 1853 1208 1920; x_wconf 91' lang='lat' dir='ltr'><strong>in</strong></span> <span class='ocrx_word' id='word_1_120' title='bbox 1226 1853 1292 1922; x_wconf 89' lang='lat' dir='ltr'><strong>dies</strong></span> 
     </span>
     <span class='ocr_line' id='line_1_14' title="bbox 61 1961 1291 2036; baseline 0.01 -12"><span class='ocrx_word' id='word_1_121' title='bbox 61 1961 180 2026; x_wconf 75' lang='lat' dir='ltr'><strong>evenient</strong></span> <span class='ocrx_word' id='word_1_122' title='bbox 202 1962 297 2027; x_wconf 86' lang='lat' dir='ltr'><strong>facias</strong></span> <span class='ocrx_word' id='word_1_123' title='bbox 320 1963 462 2027; x_wconf 87' lang='lat' dir='ltr'><strong>certiores</strong></span> <span class='ocrx_word' id='word_1_124' title='bbox 484 1962 678 2030; x_wconf 78' lang='lat' dir='ltr'><strong>nobilitatem</strong></span> <span class='ocrx_word' id='word_1_125' title='bbox 701 1966 787 2030; x_wconf 89' lang='lat' dir='ltr'><strong>tuam</strong></span> <span class='ocrx_word' id='word_1_126' title='bbox 810 1964 897 2033; x_wconf 86' lang='lat' dir='ltr'><strong>valde</strong></span> <span class='ocrx_word' id='word_1_127' title='bbox 920 1965 952 2030; x_wconf 93' lang='lat' dir='ltr'><strong>in</strong></span> <span class='ocrx_word' id='word_1_128' title='bbox 971 1965 1102 2032; x_wconf 87' lang='lat' dir='ltr'><strong>Dourino</strong></span> <span class='ocrx_word' id='word_1_129' title='bbox 1125 1967 1291 2036; x_wconf 85' lang='lat' dir='ltr'><strong>hortamur.</strong></span> 
     </span>
     <span class='ocr_line' id='line_1_15' title="bbox 61 2071 1305 2160; baseline 0.014 -22"><span class='ocrx_word' id='word_1_130' title='bbox 61 2071 142 2152; x_wconf 83' lang='lat' dir='ltr'><strong>Quam</strong></span> <span class='ocrx_word' id='word_1_131' title='bbox 164 2077 327 2160; x_wconf 85' lang='lat' dir='ltr'><strong>profectam</strong></span> <span class='ocrx_word' id='word_1_132' title='bbox 350 2096 439 2141; x_wconf 89' lang='lat' dir='ltr'><strong>curae</strong></span> <span class='ocrx_word' id='word_1_133' title='bbox 461 2078 492 2142; x_wconf 90' lang='lat' dir='ltr'><strong>et</strong></span> <span class='ocrx_word' id='word_1_134' title='bbox 514 2077 774 2146; x_wconf 84' lang='lat' dir='ltr'><strong>administrationi</strong></span> <span class='ocrx_word' id='word_1_135' title='bbox 797 2099 898 2146; x_wconf 90' lang='lat' dir='ltr'><strong>rerum</strong></span> <span class='ocrx_word' id='word_1_136' title='bbox 913 2079 1051 2146; x_wconf 83' lang='lat' dir='ltr'><strong>Caesaris</strong></span> <span class='ocrx_word' id='word_1_137' title='bbox 1073 2083 1193 2152; x_wconf 89' lang='lat' dir='ltr'><strong>inillis</strong></span> <span class='ocrx_word' id='word_1_138' title='bbox 1216 2085 1305 2156; x_wconf 70' lang='lat' dir='ltr'><strong>locis,</strong></span> 
     </span>
     <span class='ocr_line' id='line_1_16' title="bbox 61 2189 1292 2282; baseline 0.012 -29"><span class='ocrx_word' id='word_1_139' title='bbox 61 2189 203 2258; x_wconf 84' lang='lat' dir='ltr'><strong>admodum</strong></span> <span class='ocrx_word' id='word_1_140' title='bbox 219 2193 420 2277; x_wconf 82' lang='lat' dir='ltr'><strong>gratulamur,</strong></span> <span class='ocrx_word' id='word_1_141' title='bbox 444 2194 580 2278; x_wconf 88' lang='lat' dir='ltr'><strong>sapiente</strong></span> <span class='ocrx_word' id='word_1_142' title='bbox 596 2193 678 2260; x_wconf 93' lang='lat' dir='ltr'><strong>enim</strong></span> <span class='ocrx_word' id='word_1_143' title='bbox 701 2197 732 2259; x_wconf 93' lang='lat' dir='ltr'><strong>et</strong></span> <span class='ocrx_word' id='word_1_144' title='bbox 746 2195 840 2278; x_wconf 91' lang='lat' dir='ltr'><strong>probo</strong></span> <span class='ocrx_word' id='word_1_145' title='bbox 856 2199 969 2262; x_wconf 89' lang='lat' dir='ltr'><strong>rectora</strong></span> <span class='ocrx_word' id='word_1_146' title='bbox 990 2198 1092 2263; x_wconf 87' lang='lat' dir='ltr'><strong>omnia</strong></span> <span class='ocrx_word' id='word_1_147' title='bbox 1108 2200 1292 2282; x_wconf 89' lang='lat' dir='ltr'><strong>sperandum</strong></span> 
     </span>
     <span class='ocr_line' id='line_1_17' title="bbox 61 2308 1291 2401; baseline 0.011 -33"><span class='ocrx_word' id='word_1_148' title='bbox 61 2309 97 2369; x_wconf 85' lang='lat' dir='ltr'><strong>ast</strong></span> <span class='ocrx_word' id='word_1_149' title='bbox 116 2311 190 2373; x_wconf 89' lang='lat' dir='ltr'><strong>recte</strong></span> <span class='ocrx_word' id='word_1_150' title='bbox 205 2311 236 2374; x_wconf 92' lang='lat' dir='ltr'><strong>et</strong></span> <span class='ocrx_word' id='word_1_151' title='bbox 258 2308 413 2374; x_wconf 86' lang='lat' dir='ltr'><strong>moderate</strong></span> <span class='ocrx_word' id='word_1_152' title='bbox 428 2327 495 2373; x_wconf 89' lang='lat' dir='ltr'><strong>essa</strong></span> <span class='ocrx_word' id='word_1_153' title='bbox 517 2309 643 2392; x_wconf 83' lang='lat' dir='ltr'><strong>agenda,</strong></span> <span class='ocrx_word' id='word_1_154' title='bbox 666 2309 747 2394; x_wconf 91' lang='lat' dir='ltr'><strong>quod</strong></span> <span class='ocrx_word' id='word_1_155' title='bbox 762 2311 831 2376; x_wconf 89' lang='lat' dir='ltr'><strong>tuae</strong></span> <span class='ocrx_word' id='word_1_156' title='bbox 848 2311 960 2378; x_wconf 90' lang='lat' dir='ltr'><strong>mentis</strong></span> <span class='ocrx_word' id='word_1_157' title='bbox 977 2311 1096 2380; x_wconf 83' lang='lat' dir='ltr'><strong>bonitas</strong></span> <span class='ocrx_word' id='word_1_158' title='bbox 1112 2315 1291 2401; x_wconf 85' lang='lat' dir='ltr'><strong>consiliique</strong></span> 
     </span>
     <span class='ocr_line' id='line_1_18' title="bbox 60 2422 1293 2509; baseline 0.014 -25"><span class='ocrx_word' id='word_1_159' title='bbox 60 2422 199 2501; x_wconf 88' lang='lat' dir='ltr'><strong>pmdentia</strong></span> <span class='ocrx_word' id='word_1_160' title='bbox 213 2425 244 2490; x_wconf 88' lang='lat' dir='ltr'><strong>ot</strong></span> <span class='ocrx_word' id='word_1_161' title='bbox 258 2425 418 2509; x_wconf 87' lang='lat' dir='ltr'><strong>pollicetur</strong></span> <span class='ocrx_word' id='word_1_162' title='bbox 433 2425 463 2489; x_wconf 92' lang='lat' dir='ltr'><strong>et</strong></span> <span class='ocrx_word' id='word_1_163' title='bbox 478 2426 650 2507; x_wconf 88' lang='lat' dir='ltr'><strong>prestatura</strong></span> <span class='ocrx_word' id='word_1_164' title='bbox 664 2428 719 2492; x_wconf 89' lang='lat' dir='ltr'><strong>ost.</strong></span> <span class='ocrx_word' id='word_1_165' title='bbox 743 2427 858 2492; x_wconf 89' lang='lat' dir='ltr'><strong>Datum</strong></span> <span class='ocrx_word' id='word_1_166' title='bbox 875 2429 988 2494; x_wconf 88' lang='lat' dir='ltr'><strong>Romae</strong></span> <span class='ocrx_word' id='word_1_167' title='bbox 1004 2429 1059 2494; x_wconf 91' lang='lat' dir='ltr'><strong>etc.</strong></span> <span class='ocrx_word' id='word_1_168' title='bbox 1076 2429 1125 2496; x_wconf 92' lang='lat' dir='ltr'><strong>die</strong></span> <span class='ocrx_word' id='word_1_169' title='bbox 1139 2450 1184 2500; x_wconf 73' lang='grc' dir='ltr'><strong>ιι,</strong></span> <span class='ocrx_word' id='word_1_170' title='bbox 1201 2430 1222 2496; x_wconf 87' lang='lat' dir='ltr'>J</span> <span class='ocrx_word' id='word_1_171' title='bbox 1224 2431 1293 2502; x_wconf 63' lang='lat' dir='ltr'><strong>unii,</strong></span> 
     </span>
     <span class='ocr_line' id='line_1_19' title="bbox 60 2536 451 2606; baseline 0.015 -8"><span class='ocrx_word' id='word_1_172' title='bbox 60 2536 159 2603; x_wconf 86' lang='lat' dir='ltr'><strong>rodrrv.</strong></span> <span class='ocrx_word' id='word_1_173' title='bbox 201 2539 290 2605; x_wconf 81' lang='lat' dir='ltr'><strong>rinno</strong></span> <span class='ocrx_word' id='word_1_174' title='bbox 314 2538 451 2606; x_wconf 71' lang='lat' dir='ltr'><strong>meando.</strong></span> 
     </span>
    </p>
   </div>
   <div class='ocr_carea' id='block_1_4' title="bbox 624 2759 704 2868">
    <p class='ocr_par' dir='ltr' id='par_1_4' title="bbox 624 2759 704 2868">
     <span class='ocr_line' id='line_1_20' title="bbox 624 2759 704 2868; baseline 0.025 -2"><span class='ocrx_word' id='word_1_175' title='bbox 624 2759 704 2868; x_wconf 77' lang='lat' dir='ltr'><strong>rie.</strong></span> 
     </span>
    </p>
   </div>
   <div class='ocr_carea' id='block_1_5' title="bbox 569 2965 762 3028">
    <p class='ocr_par' dir='ltr' id='par_1_5' title="bbox 569 2965 762 3028">
     <span class='ocr_line' id='line_1_21' title="bbox 569 2965 762 3028; baseline 0.01 -2"><span class='ocrx_word' id='word_1_176' title='bbox 569 2965 762 3028; x_wconf 72' lang='lat' dir='ltr'><strong>Caesari</strong></span> 
     </span>
    </p>
   </div>
   <div class='ocr_carea' id='block_1_6' title="bbox 62 3115 1310 4490">
    <p class='ocr_par' dir='ltr' id='par_1_6' title="bbox 62 3115 1310 4490">
     <span class='ocr_line' id='line_1_22' title="bbox 133 3115 1291 3212; baseline 0.005 -28"><span class='ocrx_word' id='word_1_177' title='bbox 133 3115 300 3186; x_wconf 83' lang='lat' dir='ltr'><strong>Carissimo</strong></span> <span class='ocrx_word' id='word_1_178' title='bbox 347 3115 424 3185; x_wconf 84' lang='lat' dir='ltr'><strong>Oum</strong></span> <span class='ocrx_word' id='word_1_179' title='bbox 439 3119 765 3200; x_wconf 66' lang='lat' dir='ltr'><strong>emmeramensem</strong></span> <span class='ocrx_word' id='word_1_180' title='bbox 782 3123 868 3188; x_wconf 91' lang='lat' dir='ltr'><strong>tuam</strong></span> <span class='ocrx_word' id='word_1_181' title='bbox 886 3121 1015 3188; x_wconf 82' lang='lat' dir='ltr'><strong>ddectus</strong></span> <span class='ocrx_word' id='word_1_182' title='bbox 1032 3123 1114 3190; x_wconf 85' lang='lat' dir='ltr'><strong>filius</strong></span> <span class='ocrx_word' id='word_1_183' title='bbox 1130 3125 1291 3212; x_wconf 82' lang='lat' dir='ltr'><strong>Philippus</strong></span> 
     </span>
     <span class='ocr_line' id='line_1_23' title="bbox 62 3229 1294 3334; baseline 0.012 -42"><span class='ocrx_word' id='word_1_184' title='bbox 62 3229 322 3301; x_wconf 85' lang='lat' dir='ltr'><strong>lilliarslisliadam</strong></span> <span class='ocrx_word' id='word_1_185' title='bbox 352 3235 513 3320; x_wconf 88' lang='lat' dir='ltr'><strong>hospitalis</strong></span> <span class='ocrx_word' id='word_1_186' title='bbox 543 3234 593 3302; x_wconf 59' lang='lat' dir='ltr'><strong>Sd</strong></span> <span class='ocrx_word' id='word_1_187' title='bbox 617 3235 747 3303; x_wconf 82' lang='lat' dir='ltr'><strong>loannis</strong></span> <span class='ocrx_word' id='word_1_188' title='bbox 770 3237 1033 3304; x_wconf 88' lang='lat' dir='ltr'><strong>Hierosolimitani</strong></span> <span class='ocrx_word' id='word_1_189' title='bbox 1054 3240 1212 3334; x_wconf 73' lang='lat' dir='ltr'><strong>magistro,</strong></span> <span class='ocrx_word' id='word_1_190' title='bbox 1234 3242 1294 3308; x_wconf 90' lang='lat' dir='ltr'><strong>etsi</strong></span> 
     </span>
     <span class='ocr_line' id='line_1_24' title="bbox 62 3349 1291 3438; baseline 0.008 -26"><span class='ocrx_word' id='word_1_191' title='bbox 62 3349 264 3418; x_wconf 84' lang='lat' dir='ltr'><strong>confidebamus</strong></span> <span class='ocrx_word' id='word_1_192' title='bbox 287 3370 358 3416; x_wconf 91' lang='lat' dir='ltr'><strong>eum</strong></span> <span class='ocrx_word' id='word_1_193' title='bbox 373 3351 432 3417; x_wconf 89' lang='lat' dir='ltr'><strong>tihi</strong></span> <span class='ocrx_word' id='word_1_194' title='bbox 454 3353 486 3417; x_wconf 88' lang='lat' dir='ltr'><strong>st</strong></span> <span class='ocrx_word' id='word_1_195' title='bbox 508 3370 562 3418; x_wconf 93' lang='lat' dir='ltr'><strong>suo</strong></span> <span class='ocrx_word' id='word_1_196' title='bbox 584 3353 616 3418; x_wconf 90' lang='lat' dir='ltr'><strong>et</strong></span> <span class='ocrx_word' id='word_1_197' title='bbox 631 3351 788 3438; x_wconf 80' lang='lat' dir='ltr'><strong>religionis</strong></span> <span class='ocrx_word' id='word_1_198' title='bbox 811 3351 897 3418; x_wconf 90' lang='lat' dir='ltr'><strong>illius</strong></span> <span class='ocrx_word' id='word_1_199' title='bbox 919 3353 1042 3420; x_wconf 90' lang='lat' dir='ltr'><strong>nomine</strong></span> <span class='ocrx_word' id='word_1_200' title='bbox 1057 3353 1120 3422; x_wconf 84' lang='lat' dir='ltr'><strong>lore</strong></span> <span class='ocrx_word' id='word_1_201' title='bbox 1135 3373 1291 3422; x_wconf 91' lang='lat' dir='ltr'><strong>commen·</strong></span> 
     </span>
     <span class='ocr_line' id='line_1_25' title="bbox 63 3460 1309 3562; baseline 0.011 -37"><span class='ocrx_word' id='word_1_202' title='bbox 63 3460 157 3544; x_wconf 77' lang='lat' dir='ltr'><strong>datum</strong></span> <span class='ocrx_word' id='word_1_203' title='bbox 177 3469 336 3552; x_wconf 88' lang='lat' dir='ltr'><strong>propterea</strong></span> <span class='ocrx_word' id='word_1_204' title='bbox 350 3465 430 3550; x_wconf 88' lang='lat' dir='ltr'><strong>quod</strong></span> <span class='ocrx_word' id='word_1_205' title='bbox 445 3466 476 3532; x_wconf 91' lang='lat' dir='ltr'><strong>et</strong></span> <span class='ocrx_word' id='word_1_206' title='bbox 497 3466 563 3550; x_wconf 90' lang='lat' dir='ltr'><strong>ipse</strong></span> <span class='ocrx_word' id='word_1_207' title='bbox 578 3466 690 3552; x_wconf 80' lang='lat' dir='ltr'><strong>dignus</strong></span> <span class='ocrx_word' id='word_1_208' title='bbox 705 3468 753 3534; x_wconf 90' lang='lat' dir='ltr'><strong>ost</strong></span> <span class='ocrx_word' id='word_1_209' title='bbox 775 3465 860 3534; x_wconf 89' lang='lat' dir='ltr'><strong>cuius</strong></span> <span class='ocrx_word' id='word_1_210' title='bbox 876 3468 1025 3536; x_wconf 91' lang='lat' dir='ltr'><strong>habeatur</strong></span> <span class='ocrx_word' id='word_1_211' title='bbox 1039 3469 1126 3550; x_wconf 81' lang='lat' dir='ltr'><strong>ratio,</strong></span> <span class='ocrx_word' id='word_1_212' title='bbox 1149 3490 1183 3538; x_wconf 93' lang='lat' dir='ltr'><strong>eo</strong></span> <span class='ocrx_word' id='word_1_213' title='bbox 1199 3471 1309 3562; x_wconf 54' lang='lat' dir='ltr'><strong>etiamt</strong></span> 
     </span>
     <span class='ocr_line' id='line_1_26' title="bbox 64 3555 1310 3678; baseline 0.004 -31"><span class='ocrx_word' id='word_1_214' title='bbox 64 3555 144 3664; x_wconf 58' lang='lat' dir='ltr'><strong>nans</strong></span> <span class='ocrx_word' id='word_1_215' title='bbox 165 3581 242 3668; x_wconf 89' lang='lat' dir='ltr'><strong>quod</strong></span> <span class='ocrx_word' id='word_1_216' title='bbox 265 3582 299 3647; x_wconf 90' lang='lat' dir='ltr'><strong>in</strong></span> <span class='ocrx_word' id='word_1_217' title='bbox 322 3582 465 3648; x_wconf 82' lang='lat' dir='ltr'><strong>maximis</strong></span> <span class='ocrx_word' id='word_1_218' title='bbox 480 3582 630 3668; x_wconf 88' lang='lat' dir='ltr'><strong>periculus</strong></span> <span class='ocrx_word' id='word_1_219' title='bbox 646 3602 700 3667; x_wconf 88' lang='lat' dir='ltr'><strong>pro</strong></span> <span class='ocrx_word' id='word_1_220' title='bbox 716 3581 831 3648; x_wconf 85' lang='lat' dir='ltr'><strong>Christi</strong></span> <span class='ocrx_word' id='word_1_221' title='bbox 845 3583 905 3650; x_wconf 87' lang='lat' dir='ltr'><strong>tide</strong></span> <span class='ocrx_word' id='word_1_222' title='bbox 928 3586 1064 3650; x_wconf 87' lang='lat' dir='ltr'><strong>versatus</strong></span> <span class='ocrx_word' id='word_1_223' title='bbox 1077 3585 1207 3662; x_wconf 60' lang='lat' dir='ltr'><strong>‚urnam</strong></span> <span class='ocrx_word' id='word_1_224' title='bbox 1222 3586 1310 3678; x_wconf 54' lang='lat' dir='ltr'><strong>feli3</strong></span> 
     </span>
     <span class='ocr_line' id='line_1_27' title="bbox 64 3679 1293 3786; baseline 0.006 -27"><span class='ocrx_word' id='word_1_225' title='bbox 64 3691 166 3762; x_wconf 76' lang='lat' dir='ltr'><strong>cistam</strong></span> <span class='ocrx_word' id='word_1_226' title='bbox 180 3698 287 3763; x_wconf 84' lang='lat' dir='ltr'><strong>virtuti</strong></span> <span class='ocrx_word' id='word_1_227' title='bbox 309 3679 415 3781; x_wconf 81' lang='lat' dir='ltr'><strong>parem</strong></span> <span class='ocrx_word' id='word_1_228' title='bbox 429 3700 569 3781; x_wconf 85' lang='lat' dir='ltr'><strong>arpertus</strong></span> <span class='ocrx_word' id='word_1_229' title='bbox 585 3699 674 3776; x_wconf 71' lang='lat' dir='ltr'><strong>esset,</strong></span> <span class='ocrx_word' id='word_1_230' title='bbox 698 3700 729 3764; x_wconf 91' lang='lat' dir='ltr'><strong>et</strong></span> <span class='ocrx_word' id='word_1_231' title='bbox 744 3698 902 3782; x_wconf 84' lang='lat' dir='ltr'><strong>religionis</strong></span> <span class='ocrx_word' id='word_1_232' title='bbox 918 3699 1004 3765; x_wconf 91' lang='lat' dir='ltr'><strong>illius</strong></span> <span class='ocrx_word' id='word_1_233' title='bbox 1020 3702 1119 3766; x_wconf 87' lang='lat' dir='ltr'><strong>multa</strong></span> <span class='ocrx_word' id='word_1_234' title='bbox 1133 3703 1164 3767; x_wconf 89' lang='lat' dir='ltr'><strong>et</strong></span> <span class='ocrx_word' id='word_1_235' title='bbox 1179 3719 1293 3786; x_wconf 86' lang='lat' dir='ltr'><strong>magna</strong></span> 
     </span>
     <span class='ocr_line' id='line_1_28' title="bbox 65 3809 1293 3897; baseline 0.006 -22"><span class='ocrx_word' id='word_1_236' title='bbox 65 3809 148 3876; x_wconf 80' lang='lat' dir='ltr'><strong>erant</strong></span> <span class='ocrx_word' id='word_1_237' title='bbox 168 3813 198 3879; x_wconf 90' lang='lat' dir='ltr'><strong>in</strong></span> <span class='ocrx_word' id='word_1_238' title='bbox 222 3812 424 3878; x_wconf 84' lang='lat' dir='ltr'><strong>christianam</strong></span> <span class='ocrx_word' id='word_1_239' title='bbox 446 3812 667 3897; x_wconf 80' lang='lat' dir='ltr'><strong>rempublicam</strong></span> <span class='ocrx_word' id='word_1_240' title='bbox 689 3813 814 3890; x_wconf 87' lang='lat' dir='ltr'><strong>merita;</strong></span> <span class='ocrx_word' id='word_1_241' title='bbox 847 3815 953 3880; x_wconf 85' lang='lat' dir='ltr'><strong>tamen</strong></span> <span class='ocrx_word' id='word_1_242' title='bbox 975 3815 1127 3881; x_wconf 84' lang='lat' dir='ltr'><strong>voluimus</strong></span> <span class='ocrx_word' id='word_1_243' title='bbox 1155 3816 1293 3882; x_wconf 86' lang='lat' dir='ltr'><strong>accedere</strong></span> 
     </span>
     <span class='ocr_line' id='line_1_29' title="bbox 66 3923 1293 4017; baseline 0.003 -24"><span class='ocrx_word' id='word_1_244' title='bbox 66 3929 334 3994; x_wconf 75' lang='lat' dir='ltr'><strong>anmnuaonem</strong></span> <span class='ocrx_word' id='word_1_245' title='bbox 350 3930 487 3994; x_wconf 89' lang='lat' dir='ltr'><strong>nostram</strong></span> <span class='ocrx_word' id='word_1_246' title='bbox 510 3947 545 3994; x_wconf 87' lang='lat' dir='ltr'><strong>ac</strong></span> <span class='ocrx_word' id='word_1_247' title='bbox 561 3937 665 3996; x_wconf 71' lang='lat' dir='ltr'><strong>ser.teta</strong></span> <span class='ocrx_word' id='word_1_248' title='bbox 688 3923 774 3996; x_wconf 86' lang='lat' dir='ltr'><strong>tuam</strong></span> <span class='ocrx_word' id='word_1_249' title='bbox 789 3949 875 3995; x_wconf 87' lang='lat' dir='ltr'><strong>orare</strong></span> <span class='ocrx_word' id='word_1_250' title='bbox 890 3930 925 3995; x_wconf 93' lang='lat' dir='ltr'><strong>ut</strong></span> <span class='ocrx_word' id='word_1_251' title='bbox 939 3930 1004 3996; x_wconf 88' lang='lat' dir='ltr'><strong>eius</strong></span> <span class='ocrx_word' id='word_1_252' title='bbox 1027 3931 1192 3998; x_wconf 88' lang='lat' dir='ltr'><strong>adventum</strong></span> <span class='ocrx_word' id='word_1_253' title='bbox 1206 3935 1293 4017; x_wconf 60' lang='lat' dir='ltr'><strong>mute</strong></span> 
     </span>
     <span class='ocr_line' id='line_1_30' title="bbox 67 4035 1292 4131; baseline 0.002 -22"><span class='ocrx_word' id='word_1_254' title='bbox 67 4035 229 4128; x_wconf 75' lang='lat' dir='ltr'><strong>benigneque</strong></span> <span class='ocrx_word' id='word_1_255' title='bbox 251 4046 386 4129; x_wconf 88' lang='lat' dir='ltr'><strong>accipere</strong></span> <span class='ocrx_word' id='word_1_256' title='bbox 401 4063 437 4110; x_wconf 88' lang='lat' dir='ltr'><strong>ac</strong></span> <span class='ocrx_word' id='word_1_257' title='bbox 451 4063 528 4128; x_wconf 80' lang='lat' dir='ltr'><strong>puae</strong></span> <span class='ocrx_word' id='word_1_258' title='bbox 541 4043 590 4110; x_wconf 81' lang='lat' dir='ltr'><strong>ad</strong></span> <span class='ocrx_word' id='word_1_259' title='bbox 605 4045 849 4114; x_wconf 81' lang='lat' dir='ltr'><strong>constituendam</strong></span> <span class='ocrx_word' id='word_1_260' title='bbox 872 4065 908 4112; x_wconf 89' lang='lat' dir='ltr'><strong>ac</strong></span> <span class='ocrx_word' id='word_1_261' title='bbox 923 4045 1099 4130; x_wconf 83' lang='lat' dir='ltr'><strong>erigendam</strong></span> <span class='ocrx_word' id='word_1_262' title='bbox 1114 4047 1292 4131; x_wconf 85' lang='lat' dir='ltr'><strong>religionem</strong></span> 
     </span>
     <span class='ocr_line' id='line_1_31' title="bbox 67 4155 1292 4246; baseline 0.005 -24"><span class='ocrx_word' id='word_1_263' title='bbox 67 4155 196 4231; x_wconf 63' lang='lat' dir='ltr'><strong>mittent</strong></span> <span class='ocrx_word' id='word_1_264' title='bbox 215 4179 270 4244; x_wconf 94' lang='lat' dir='ltr'><strong>pro</strong></span> <span class='ocrx_word' id='word_1_265' title='bbox 293 4162 347 4226; x_wconf 88' lang='lat' dir='ltr'><strong>tua</strong></span> <span class='ocrx_word' id='word_1_266' title='bbox 370 4159 582 4246; x_wconf 85' lang='lat' dir='ltr'><strong>magnitudine</strong></span> <span class='ocrx_word' id='word_1_267' title='bbox 605 4161 636 4226; x_wconf 91' lang='lat' dir='ltr'><strong>at</strong></span> <span class='ocrx_word' id='word_1_268' title='bbox 657 4159 692 4224; x_wconf 93' lang='lat' dir='ltr'><strong>in</strong></span> <span class='ocrx_word' id='word_1_269' title='bbox 706 4159 805 4226; x_wconf 89' lang='lat' dir='ltr'><strong>Deum</strong></span> <span class='ocrx_word' id='word_1_270' title='bbox 828 4161 997 4228; x_wconf 82' lang='lat' dir='ltr'><strong>reuerentia</strong></span> <span class='ocrx_word' id='word_1_271' title='bbox 1018 4163 1172 4244; x_wconf 87' lang='lat' dir='ltr'><strong>praestare</strong></span> <span class='ocrx_word' id='word_1_272' title='bbox 1191 4163 1292 4230; x_wconf 86' lang='lat' dir='ltr'><strong>velles.</strong></span> 
     </span>
     <span class='ocr_line' id='line_1_32' title="bbox 69 4262 1307 4370; baseline 0.003 -26"><span class='ocrx_word' id='word_1_273' title='bbox 69 4262 222 4356; x_wconf 83' lang='lat' dir='ltr'><strong>Quanquam</strong></span> <span class='ocrx_word' id='word_1_274' title='bbox 245 4275 324 4341; x_wconf 88' lang='lat' dir='ltr'><strong>alias</strong></span> <span class='ocrx_word' id='word_1_275' title='bbox 354 4293 412 4360; x_wconf 89' lang='lat' dir='ltr'><strong>quo</strong></span> <span class='ocrx_word' id='word_1_276' title='bbox 434 4277 469 4340; x_wconf 90' lang='lat' dir='ltr'><strong>tu</strong></span> <span class='ocrx_word' id='word_1_277' title='bbox 492 4276 594 4342; x_wconf 87' lang='lat' dir='ltr'><strong>animo</strong></span> <span class='ocrx_word' id='word_1_278' title='bbox 617 4275 650 4342; x_wconf 94' lang='lat' dir='ltr'><strong>in</strong></span> <span class='ocrx_word' id='word_1_279' title='bbox 672 4274 796 4342; x_wconf 91' lang='lat' dir='ltr'><strong>illorum</strong></span> <span class='ocrx_word' id='word_1_280' title='bbox 828 4276 1021 4344; x_wconf 89' lang='lat' dir='ltr'><strong>commodum</strong></span> <span class='ocrx_word' id='word_1_281' title='bbox 1051 4295 1134 4343; x_wconf 89' lang='lat' dir='ltr'><strong>esses</strong></span> <span class='ocrx_word' id='word_1_282' title='bbox 1157 4276 1216 4344; x_wconf 86' lang='lat' dir='ltr'><strong>fuit</strong></span> <span class='ocrx_word' id='word_1_283' title='bbox 1238 4277 1307 4370; x_wconf 17' lang='lat' dir='ltr'><strong>dcl-3</strong></span> 
     </span>
     <span class='ocr_line' id='line_1_33' title="bbox 69 4381 1294 4490; baseline 0.013 -48"><span class='ocrx_word' id='word_1_284' title='bbox 69 4381 207 4468; x_wconf 74' lang='lat' dir='ltr'><strong>clintum,</strong></span> <span class='ocrx_word' id='word_1_285' title='bbox 238 4410 306 4456; x_wconf 87' lang='lat' dir='ltr'><strong>eum</strong></span> <span class='ocrx_word' id='word_1_286' title='bbox 339 4391 388 4455; x_wconf 90' lang='lat' dir='ltr'><strong>illi</strong></span> <span class='ocrx_word' id='word_1_287' title='bbox 418 4391 559 4480; x_wconf 84' lang='lat' dir='ltr'><strong>religioni</strong></span> <span class='ocrx_word' id='word_1_288' title='bbox 591 4394 622 4457; x_wconf 89' lang='lat' dir='ltr'><strong>et</strong></span> <span class='ocrx_word' id='word_1_289' title='bbox 653 4391 765 4458; x_wconf 87' lang='lat' dir='ltr'><strong>militie</strong></span> <span class='ocrx_word' id='word_1_290' title='bbox 794 4391 946 4458; x_wconf 90' lang='lat' dir='ltr'><strong>Maltham</strong></span> <span class='ocrx_word' id='word_1_291' title='bbox 977 4391 1108 4480; x_wconf 79' lang='lat' dir='ltr'><strong>insulam</strong></span> <span class='ocrx_word' id='word_1_292' title='bbox 1136 4392 1294 4490; x_wconf 80' lang='lat' dir='ltr'><strong>assignare</strong></span> 
     </span>
    </p>
   </div>
   <div class='ocr_carea' id='block_1_7' title="bbox 0 0 1580 4902">
    <p class='ocr_par' dir='ltr' id='par_1_7' title="bbox 0 0 1580 4902">
     <span class='ocr_line' id='line_1_34' title="bbox 0 0 1580 4902; baseline 0 0"><span class='ocrx_word' id='word_1_293' title='bbox 0 0 1580 4902; x_wconf 95' lang='lat' dir='ltr'><strong> </strong></span> 
     </span>
    </p>
   </div>
  </div>
 </body>
</html>
