3132 4910
737 235 983 304 -314-

234 427 416 506 Reverendo
432 429 555 505 6166666,
571 428 688 497 dileeie.
711 428 798 511 Quod
812 431 846 496 in
860 432 945 498 bisne
960 451 1063 498 rarum
1077 452 1226 500 novarum
1242 433 1362 512 studiis,
1376 432 1472 517 quibus

234 542 326 608 Italia
347 545 395 610 eei
417 549 577 626 oommota
599 546 775 631 putammns
798 548 896 614 nostri
917 567 985 614 esse
1007 549 1101 614 offleii
1129 548 1249 616 hortari
1272 568 1326 616 vos
1348 548 1385 614 ad
1410 567 1471 614 eou-

234 658 416 726 iinuandum
438 661 526 726 illam
541 681 629 728 suam
653 663 841 748 singularem
856 683 930 748 erga
945 683 1118 730 oaeeaream
1133 665 1330 731 maiestatem
1351 664 1473 730 affectio·

236 793 307 840 nom
335 777 634 862 observantiamque,
663 797 724 845 non
753 779 930 845 dubitamus
953 779 1029 864 quin
1059 779 1129 846 aidis
1152 779 1185 846 id
1212 780 1285 847 boni
1313 779 1474 846 oonsulburi

235 891 276 956 111
298 891 397 958 sitali
412 893 492 978 apud
514 912 583 959 eum
599 912 690 977 quem
712 895 751 960 ad
767 894 885 964 subitas
901 897 1109 980 angustasque
1132 915 1180 962 res
1195 895 1369 962 onustantia
1382 893 1474 979 magui

236 1005 333 1072 animi
355 1009 457 1074 tuabrr
479 1028 570 1092 quem
591 1008 624 1076 iu
647 1010 733 1076 uobis
755 1031 823 1077 esse
845 1010 1044 1095 ognovimue
1067 1011 1215 1078 relatione
1238 1012 1412 1088 mulionum,
1432 1009 1475 1094 qui

236 1125 394 1204 queunt
408 1143 522 1209 magna
535 1125 604 1204 fide,
619 1143 680 1191 non
695 1125 861 1192 admodum
875 1125 1012 1210 indigere
1027 1126 1291 1206 existimabamus,
1306 1146 1375 1193 eum
1385 1127 1475 1191 umen

236 1238 425 1320 auomriiate,
439 1240 575 1318 oonsilio,
589 1241 751 1325 prudentia
764 1245 797 1308 et
810 1241 923 1308 iudioio
936 1241 1108 1326 praestetis
1123 1261 1200 1326 quae
1215 1241 1373 1308 beatitudo
1386 1239 1475 1325 ponii·

238 1351 305 1418 bois
328 1353 356 1420 ei
377 1373 437 1438 qua
466 1355 528 1421 alia
549 1358 582 1423 et
603 1355 730 1422 maximi
752 1357 850 1422 faeere
872 1359 904 1424 ab
926 1357 1013 1442 sequi
1036 1358 1140 1436 soleat,
1169 1375 1231 1423 uon
1258 1357 1411 1442 pobuimue
1430 1374 1476 1421 nos

238 1469 392 1538 continere
414 1471 488 1556 quin
510 1471 561 1537 bis
582 1474 615 1539 eb
636 1473 829 1539 hortaremur
851 1475 883 1539 eb
911 1473 1134 1557 requireremus
1157 1491 1211 1539 vos
1233 1475 1270 1538 uo
1298 1472 1425 1558 pristim
1449 1469 1476 1535 iu

238 1604 411 1652 caesaream
440 1588 634 1654 maiestatem
664 1587 765 1654 offioia
795 1589 937 1674 prosequi
966 1591 997 1654 eb
1018 1591 1124 1656 nostra
1155 1607 1274 1673 quoque
1302 1586 1428 1673 negotia
1454 1585 1476 1650 si

239 1703 360 1786 quando
381 1703 467 1770 favor
489 1705 588 1770 umber
616 1701 781 1790 requisitus
803 1723 858 1790 pro
880 1704 945 1771 illis
968 1704 1068 1784 fuerit,
1098 1725 1151 1789 per
1174 1703 1382 1790 praesentium
1402 1701 1475 1768 erbi-

240 1817 370 1885 bitorem
393 1818 602 1886 oonsiliarinm
624 1821 762 1888 nosimm
792 1820 1003 1888 honorabilem
1025 1821 1114 1887 nobis
1137 1819 1285 1887 dilectum
1307 1819 1476 1904 magnum

241 1935 367 2000 Petmm
390 1935 427 2002 de
450 1933 632 2002 aramme
660 1935 772 2002 babere
800 1935 1029 2015 emmau,
1058 1936 1191 2002 maxime
1220 1937 1324 2002 autem
1353 1936 1413 2002 mm
1432 1949 1476 2018 pro

240 2050 389 2117 caesareis
403 2052 494 2118 rebus
508 2051 589 2136 apud
606 2051 827 2118 beatitudinem
840 2051 995 2136 poniifiob
1009 2070 1184 2136 quanquam
1199 2051 1328 2118 oonsilio
1346 2069 1405 2116 nou
1417 2051 1476 2133 eget
1554 2121 1555 2148 ἶ

242 2165 295 2232 6661
318 2165 456 2232 nonnus
477 2167 587 2252 potius
632 2167 715 2234 Illud
737 2167 951 2253 promittentes
974 2165 1060 2233 uobis
1089 2166 1233 2252 quioquid
1255 2167 1371 2233 facium
1392 2164 1477 2232 erite
1554 2155 1555 2186 ¹

240 2281 327 2348 vobis
350 2301 403 2367 pro
426 2283 583 2349 retinendo
605 2283 708 2350 animo
731 2302 754 2348 6.
771 2273 955 2367 66666666]
979 2282 1144 2370 iniquiores
1160 2299 1318 2349 6666666666
1340 2277 1479 2348 maiestati

241 2397 352 2464 subitis
381 2397 518 2464 oonsiliie
541 2400 572 2466 et
595 2398 707 2464 roudus
736 2397 863 2464 deiicere
893 2397 1034 2476 student,
1063 2395 1097 2463 id
1124 2396 1320 2464 maiestatem
1351 2415 1432 2463 suum
1451 2395 1478 2458 ut

240 2513 329 2580 fidele
351 2516 383 2580 ab
405 2514 526 2600 sapiens
548 2514 666 2582 1666616
688 2514 964 2598 oomprobainrum
1009 2511 1075 2578 Nos
1098 2531 1169 2579 vero
1191 2512 1235 2579 iia
1259 2512 1320 2579 sibi
1348 2509 1478 2578 devindei

242 2631 278 2696 ub
299 2629 397 2696 dmus
419 2629 506 2696 vobis
534 2629 573 2696 ad
602 2648 725 2696 omnem
755 2629 944 2696 oooasiouem
972 2628 1019 2694 ita
1040 2628 1252 2714 guaddoainri,
1281 2629 1477 2710 nonunquam
1553 2693 1554 2736 i

242 2745 397 2829 poeniteat
418 2763 472 2811 ros
494 2747 526 2812 eb
547 2743 641 2812 offleii
663 2747 695 2812 ab
717 2744 855 2830 obsequii
877 2744 980 2811 vestri
1018 2745 1136 2810 Datum
1157 2743 1191 2810 in
1214 2742 1325 2828 oppido
1342 2739 1478 2826 Insprugi
1553 2743 1554 2802 1

243 2860 292 2927 die
316 2859 447 2927 seeundo
470 2860 585 2928 mensis
607 2859 757 2939 dannarii,
781 2878 862 2926 anno
884 2858 1011 2926 Domini
1033 2859 1152 2925 mdxrv.
1204 2857 1418 2925 Perdinandue

1202 2973 1251 3041 da.
1276 2973 1404 3058 Spiegol.

836 3237 910 3302 238.

570 3405 709 3464 Prorox
732 3405 881 3477 Lannoy
904 3401 1076 3464 Clementi
1100 3401 1173 3460 v11.

615 3512 701 3598 (Libe
717 3511 824 3578 verior.
840 3509 879 3576 ad
895 3509 988 3576 Clam.
1006 3509 1044 3575 [Ι.
1062 3509 1128 3594 22).

734 3629 800 3714 (ll.
815 3625 885 3692 Jau.
906 3624 1014 3710 1525).

338 3791 398 3857 Por
412 3790 441 3856 61
456 3791 545 3856 breve
568 3789 606 3855 de
628 3791 674 3854 los
689 3789 796 3872 quatro
819 3785 868 3853 del
890 3787 1029 3870 presente
1050 3784 1174 3851 enmndi
1196 3804 1296 3869 quev.
1313 3803 1384 3850 666
1404 3779 1478 3846 baria
1551 3837 1552 3884 i

249 3905 425 3973 concertado
448 3924 504 3972 oon
526 3904 555 3970 el
578 3903 683 3990 royda
705 3903 842 3982 Francia,
864 3921 884 3986 y
907 3919 964 3986 que
987 3901 1018 3966 la
1039 3899 1189 3985 prinoipal
1211 3918 1304 3966 eausa
1326 3917 1382 3984 que
1402 3895 1477 3963 aelle

249 4023 279 4088 le
300 4022 342 4088 ba
364 4021 484 4090 movido
507 4019 555 4086 dia
577 4039 636 4104 quo
657 4018 698 4084 ba
720 4017 812 4103 seydo
835 4035 889 4102 por
911 4035 950 4082 no
972 4015 1066 4082 hever
1088 4016 1168 4081 fasta
1190 4016 1256 4082 eaba
1280 4015 1355 4080 bora
1376 4008 1477 4080 ballado

248 4140 296 4205 166
318 4137 434 4204 medios
457 4156 515 4221 que
536 4135 680 4202 deaseara
695 4153 769 4218 para
791 4151 885 4217 ponor
906 4150 962 4216 pau
984 4133 1069 4198 entre
1083 4132 1113 4197 el
1133 4129 1311 4214 emperador
1332 4131 1394 4216 yel
1406 4125 1477 4193 diobo

250 4271 302 4340 ray
317 4254 354 4320 de
370 4251 506 4330 manem
528 4272 546 4336 y
570 4251 708 4335 quaesto
731 4267 789 4334 que
804 4269 830 4313 v.
847 4248 875 4313 b.
898 4247 939 4312 ba
954 4245 1039 4314 foebo
1060 4264 1101 4312 no
1115 4265 1148 4312 es
1163 4265 1201 4312 en
1216 4245 1298 4312 douo
1320 4246 1476 4312 6161666666.

253 4367 281 4432 ei
302 4385 341 4431 no
365 4367 531 4432 solamente
553 4351 607 4450 nor
630 4365 727 4430 enitar
748 4365 777 4430 el
803 4363 919 4447 peligro
949 4362 1112 4428 dorostro
1141 4380 1214 4446 muy
1238 4363 1344 4427 sanata
1371 4371 1476 4446 persone
