3192 4930
781 275 1003 341 ..23-

262 469 365 537 ctione
394 471 426 538 et
454 471 577 537 litterae
606 471 677 536 tuae
707 469 739 536 et
768 467 872 535 dilecti
899 467 958 536 filii
985 466 1147 535 Michaelis
1174 465 1284 554 Sylrae
1313 469 1440 537 oratoris
1465 469 1504 536 tui
1583 511 1584 580 ἦ

263 605 363 653 sermo
385 587 475 652 nobis
497 587 668 652 attulerunt
689 589 812 670 propter
828 585 975 652 eximium
997 585 1120 669 quidam
1135 603 1171 652 ac
1192 587 1355 670 paternum
1377 588 1502 652 nostrum
1583 605 1584 620 ¹

262 702 295 768 iu
324 704 489 786 utrumque
517 703 656 768 vestrum
685 721 821 768 amorem
850 703 940 786 atque
969 701 1115 768 animum
1167 699 1251 768 Nam
1280 721 1351 768 cum
1380 700 1505 769 Caesaris

261 817 361 902 ipsius
393 818 496 884 fausta
527 819 632 883 omnia
663 818 803 902 cupimus
825 819 888 896 bna,
910 819 941 882 et
971 816 1068 901 patris
1099 817 1309 902 maiommqua
1332 819 1452 884 tuorum
1477 817 1505 881 iu

262 933 342 998 hanc
364 931 395 999 S.
420 932 530 1000 Sadem
559 933 661 999 officia
682 933 771 999 nobis
801 935 874 999 sunt
895 932 987 998 cordi
1032 929 1207 1000 Gaudemus
1237 933 1333 1018 igitur
1355 935 1387 999 et
1408 933 1504 1018 graba·

261 1049 365 1114 lemur
378 1049 411 1115 iu
427 1049 551 1116 domiuo
566 1050 688 1134 utrique
702 1050 847 1128 vestrum
863 1051 1054 1132 veteremque
1068 1050 1203 1116 vestram
1218 1049 1505 1135 consanguinitatem

261 1164 320 1229 hec
342 1184 461 1250 quoque
483 1165 707 1232 necessitudine
736 1164 900 1231 instaurari
930 1166 962 1230 et
984 1164 1170 1230 corroborari
1197 1166 1330 1232 maxime
1358 1167 1504 1232 laetemur.

262 1275 399 1365 dumque
429 1283 536 1348 ambos
567 1301 687 1347 summe
710 1281 886 1367 diligamus,
918 1281 1059 1347 mutuam
1087 1280 1168 1346 iuter
1190 1299 1244 1346 vos
1274 1280 1505 1347 benevolentiam

261 1395 312 1462 his
335 1417 453 1482 quoque
469 1398 600 1464 maculis
615 1397 779 1482 illigatam,
802 1397 834 1464 ct
847 1398 1025 1482 perpetuam
1039 1415 1106 1462 esse
1129 1397 1160 1462 et
1174 1396 1278 1462 felices
1292 1398 1392 1463 exitus
1406 1397 1505 1463 babere

261 1512 479 1592 desideramus,
502 1513 692 1598 quodetiam
707 1513 888 1579 confidimus
911 1511 1015 1578 divina
1032 1513 1169 1578 bonitate
1191 1511 1264 1577 freti
1278 1513 1361 1579 certo
1378 1513 1505 1578 daturum

261 1647 336 1694 essa.
382 1627 448 1694 Nos
471 1648 548 1713 quae
570 1631 692 1696 nostrae
721 1631 825 1713 partes
848 1629 970 1695 manant
992 1629 1121 1694 fecimus
1142 1627 1357 1708 libentissime,
1379 1631 1416 1695 ut
1436 1627 1506 1714 quod

262 1743 301 1809 ad
324 1744 566 1829 dispensandum
586 1745 760 1830 pertinebat
788 1743 1025 1829 propinquitatis
1054 1744 1185 1828 gradum
1207 1743 1427 1828 impedimento
1447 1763 1504 1810 esse

261 1877 322 1924 non
345 1859 453 1926 debere
476 1859 720 1938 denemaremus3
744 1879 840 1944 nequa
861 1861 920 1926 hae
941 1860 1167 1945 dispensatione
1189 1879 1266 1944 quae
1295 1859 1335 1926 ad
1357 1879 1460 1944 paoem
1480 1861 1506 1923 at

261 1975 300 2041 ad
323 1976 515 2044 concordiam
538 1976 782 2060 christianaeque
805 1976 988 2060 reipublicae
1016 1975 1211 2042 commodum
1233 1977 1352 2060 spectat
1381 1975 1505 2042 sanctius

261 2095 293 2158 et
316 2093 482 2158 salutarius
505 2093 718 2158 existimamus
740 2111 807 2158 esse
829 2093 1007 2177 quicquam
1035 2091 1258 2177 benignitatem
1282 2110 1353 2158 vero
1379 2093 1506 2158 nostum

262 2227 355 2292 quam
377 2208 437 2274 tibi
467 2227 586 2293 semper
614 2208 755 2274 volumus
777 2227 844 2274 osse
866 2209 1014 2292 paratam,
1037 2208 1083 2273 ita
1104 2208 1341 2292 temperavimus
1372 2208 1409 2273 ut
1428 2209 1506 2273 tuam

262 2340 379 2405 quoque
404 2321 600 2389 serenitatem
622 2323 753 2389 cadmus
774 2323 807 2389 in
822 2323 935 2389 bonam
956 2324 1076 2407 partem
1091 2323 1223 2407 accipere
1238 2322 1356 2407 aliquid
1373 2322 1507 2389 mammis

262 2438 497 2506 necessitatibus
521 2437 609 2506 Sedis
638 2439 821 2524 apostolicae
844 2458 862 2504 a
885 2438 973 2504 nobis
1003 2438 1099 2504 fuisse
1128 2437 1243 2504 datum
1289 2437 1390 2504 Deum
1412 2438 1506 2506 omni·
1582 2523 1583 2546 ἦ

261 2553 416 2638 potentem
440 2554 592 2638 supplices
615 2554 812 2638 deprecamur
826 2556 862 2620 ut
883 2555 1002 2621 vestae
1017 2573 1098 2620 nuno
1121 2555 1239 2620 mentes
1254 2553 1413 2620 coniuncte
1433 2553 1507 2619 inter
1582 2551 1583 2566 ¹

263 2687 295 2734 se
310 2668 349 2734 ad
363 2668 422 2734 Dei
436 2670 581 2736 honorem
598 2689 633 2736 ao
647 2689 759 2737 nomen
773 2669 1003 2755 propagandum
1018 2669 1333 2755 tranquillitatemque
1356 2689 1391 2736 ac
1408 2687 1506 2754 paoem

262 2784 498 2850 christianitatis
514 2784 731 2850 conficiendam
746 2785 874 2851 tendmt
889 2786 980 2869 atque
994 2785 1199 2860 consentiant3
1221 2784 1312 2868 idque
1327 2804 1396 2852 cum
1412 2786 1507 2850 vestra

261 2899 351 2966 laude
366 2902 398 2967 et
411 2901 537 2984 perenni
559 2901 695 2966 utilitate
712 2901 757 2966 ita
772 2901 828 2966 fiat
850 2901 885 2965 ut
900 2899 1067 2966 christiana
1081 2901 1251 2984 respublica
1267 2901 1379 2967 bonam
1394 2903 1507 2986 partem

262 3014 371 3080 salutis
395 3033 467 3081 suae
488 3016 626 3100 utrisque
655 3016 742 3082 vobis
771 3017 882 3082 referat
904 3017 1068 3100 acceptam.
1113 3013 1197 3097 Quae
1219 3015 1323 3082 omnia
1344 3017 1383 3082 ab
1406 3016 1506 3083 eodem
1581 3067 1582 3090 q

261 3132 378 3196 oratore
400 3131 453 3196 tuo
475 3130 590 3197 nostris
613 3132 714 3197 verbis
736 3132 831 3197 latius
848 3131 1006 3216 intelliges
1028 3131 1078 3196 cui
1099 3131 1193 3198 iidem
1215 3131 1352 3198 habebis.
1396 3132 1508 3200 Romae

262 3243 311 3310 die
333 3245 415 3311 xxvii
437 3245 573 3330 Augusti
594 3245 742 3313 mdmiii'n
787 3247 877 3313 Anno
900 3247 1008 3330 primo.

858 3435 911 3502 21.

708 3575 795 3648 Regi
818 3573 1070 3647 portugalliae.

348 3707 520 3775 Carissimo.
565 3709 855 3776 cucusenam
883 3711 1078 3794 conspectum
1101 3710 1241 3776 nostmm
1262 3709 1291 3775 is
1313 3709 1367 3794 qui
1395 3709 1434 3775 ad
1457 3729 1505 3776 se·

257 3824 420 3890 uanitatem
442 3825 529 3890 tuam
544 3825 600 3890 has
622 3825 742 3891 litteras
759 3825 872 3904 attudit,
888 3823 989 3891 David
1004 3823 1176 3891 Salomonis
1198 3825 1327 3893 hebreus
1346 3825 1508 3904 habitator,

258 3939 293 4005 ut
315 3939 458 4018 referunt
481 3938 594 4008 deserti
609 3937 742 4018 Chabon
764 3959 823 4024 quo
846 3940 879 4006 in
900 3941 974 4020 loco,
997 3941 1032 4006 ut
1053 3960 1108 4025 per
1130 3940 1311 4024 interpretes
1327 3939 1386 4005 ierit
1409 3939 1506 4024 sigui·

258 4055 391 4134 dicatum
414 4055 646 4121 innumerabilis
668 4076 744 4141 pene
758 4055 925 4122 multitudo
947 4055 1013 4122 eius
1028 4056 1130 4140 gentis
1154 4055 1258 4122 sedem
1272 4057 1304 4122 et
1319 4055 1507 4122 domicilium

257 4170 358 4249 habet,
390 4171 485 4257 quia
511 4170 654 4237 finitimis
686 4171 765 4237 bello
792 4170 940 4255 examtati
968 4171 1156 4237 Maumetbis
1186 4171 1353 4237 cultoribus
1382 4169 1506 4246 Mauris,

258 4285 369 4369 quibus
392 4287 482 4352 antea
506 4285 675 4370 superiores
698 4287 793 4366 eraut,
823 4305 874 4352 eos
895 4305 977 4352 nunc
998 4286 1107 4354 timere
1129 4287 1279 4371 cogrmtur
1300 4288 1424 4370 propter
1444 4285 1506 4352 rim

256 4401 478 4468 tcrmentomm
507 4419 678 4484 aeneomm,
709 4420 838 4486 quorum
861 4421 934 4468 usus
957 4402 988 4467 et
1011 4401 1138 4469 scientia
1167 4401 1206 4467 ad
1231 4401 1304 4468 illas
1332 4419 1506 4470 maurorum
