3132 4910
78 952 225 1012 Clemens
248 954 321 1014 vn.
344 953 532 1014 Ebreardo
562 954 607 1013 de
630 953 747 1013 Chlcis
770 954 942 1026 Magistro
972 929 1182 1029 prouinciali
1211 953 1252 1014 0.
1274 955 1312 1016 Ρ.

579 1071 804 1130 Germaniae.

499 1222 600 1308 (Brev.
616 1242 643 1288 a
659 1223 715 1289 III.
731 1242 776 1308 ep.
795 1223 882 1309 122).

544 1337 609 1424 (al.
625 1339 712 1406 Febr.
731 1336 840 1425 1526).

156 1526 272 1592 Dilecto
295 1527 341 1592 fili
365 1527 496 1593 salutem
519 1527 574 1593 oto.
606 1527 649 1590 llx
672 1525 807 1609 plurium
829 1526 1014 1606 testimonio,
1037 1546 1073 1593 ec
1095 1528 1242 1595 relatione
1262 1529 1313 1594 in-

80 1643 245 1723 telleximus,
269 1643 456 1727 singularem
472 1643 610 1709 essehoc
632 1643 767 1726 tempore
790 1643 880 1726 etque
895 1643 928 1709 in
942 1642 993 1708 bis
1009 1641 1190 1710 Germaniae
1212 1645 1315 1710 flucti-

80 1758 128 1823 bus
148 1761 214 1824 tuae
236 1759 406 1825 devotionis
421 1759 568 1824 uirtutem
583 1761 614 1824 et
629 1757 832 1842 diligentium,
855 1759 944 1824 illam
967 1758 1090 1843 quidem
1105 1779 1124 1825 a
1138 1762 1169 1826 te
1191 1779 1245 1844 pro
1263 1763 1317 1828 tus

80 1874 251 1956 professione
274 1874 418 1952 debitam,
441 1894 547 1940 verum
570 1875 827 1959 pernecessariam
849 1877 880 1940 et
899 1874 1061 1941 animabus
1084 1876 1259 1955 soluturum,
1282 1895 1318 1943 ac

81 1991 156 2056 uobis
183 1994 252 2075 post
274 1992 374 2057 Deum
403 1991 644 2074 omnipotentem
673 1991 761 2057 raldo
790 1990 953 2057 iucundam
984 1993 1015 2057 et
1043 1993 1173 2077 matam.
1219 1990 1319 2073 Quare

81 2108 141 2185 post
160 2104 452 2172 commendationem
474 2105 566 2171 buius
589 2107 659 2172 tuae
682 2107 816 2190 pietatis,
847 2107 968 2191 saepius
998 2125 1033 2172 oc
1057 2107 1166 2174 merito
1189 2127 1207 2173 a
1229 2107 1319 2174 nobis

82 2218 191 2299 lutam
221 2220 414 2288 scribendum
437 2221 532 2286 etiam
561 2221 703 2287 dommus
733 2221 771 2286 ad
794 2222 833 2300 te,
864 2223 898 2287 ut
921 2240 956 2286 ea
986 2241 1078 2306 quam
1106 2225 1196 2307 grata
1218 2225 1321 2291 essent

83 2336 159 2400 nobis
180 2337 377 2422 intelligeres,
400 2341 489 2420 teque
506 2337 646 2420 deinceps
666 2357 701 2404 oo
717 2335 929 2404 studiosiorem
953 2337 985 2404 in
1001 2338 1059 2404 boc
1082 2357 1104 2404 s.
1121 2357 1208 2422 opere
1230 2359 1319 2434 prae-

83 2451 258 2537 storeaque
281 2453 370 2518 nobis
385 2454 439 2517 tua
461 2453 558 2518 virtus
585 2453 750 2519 manifesta
771 2452 844 2532 iam,
873 2454 904 2519 et
927 2454 1050 2537 cognita
1072 2455 1161 2520 esset.
1207 2457 1323 2540 Itaque,

83 2563 146 2630 licet
166 2568 297 2634 soiamm
312 2569 344 2632 te
365 2565 399 2632 in
415 2566 514 2634 stadio
538 2587 561 2634 s.
577 2567 649 2634 fidei
664 2570 717 2633 tua
740 2570 847 2651 sponte
861 2569 1032 2636 currentem
1056 2571 1171 2664 nullius
1188 2571 1323 2636 stimulis

82 2699 174 2763 egere3
196 2685 301 2750 tamen
323 2685 354 2749 te
376 2701 430 2765 pro
453 2684 556 2749 nostro
579 2683 686 2762 officio,
717 2702 753 2748 ao
774 2685 899 2768 paterno
922 2684 955 2748 in
977 2685 1008 2750 te
1032 2703 1134 2750 amore
1156 2684 1323 2765 hortamur,

82 2797 113 2858 ut
133 2797 207 2880 quod
238 2799 386 2863 hactenus
409 2797 519 2876 fecisti,
548 2798 643 2864 etiam
665 2798 806 2882 deinceps
836 2798 870 2864 in
892 2798 949 2863 hac
972 2801 1155 2883 tempestate
1177 2800 1324 2867 vincenda

83 2927 131 2990 pro
150 2913 229 2978 virili
250 2912 375 2979 insudas
398 2913 575 2997 fortiterque
597 2933 665 2979 oum
682 2913 745 2978 tuis
768 2913 903 2992 resistes,
925 2915 961 2979 ut
975 2933 1149 2998 pressuram
1173 2916 1325 3000 patienter

83 3023 163 3092 feres.
207 3025 396 3112 sperandum
430 3030 477 3094 est
506 3029 589 3094 enim
611 3029 645 3095 iu
667 3029 725 3094 Dei
754 3029 890 3095 bonitate
920 3031 1018 3113 atque
1033 3031 1203 3110 clementia,
1233 3051 1325 3116 quam

84 3140 170 3208 etiam
184 3145 340 3228 aliquanto
355 3144 502 3210 leniorem
517 3143 654 3210 videmur
669 3144 847 3227 prospicere,
863 3143 943 3228 quod
957 3143 1039 3210 idem
1054 3145 1128 3228 ipse,
1144 3145 1196 3229 qui
1212 3147 1325 3211 nostris

83 3259 206 3337 moestis
227 3259 361 3325 offensus
383 3259 439 3324 hos
455 3259 564 3326 fluctus
587 3260 711 3325 excitari
725 3260 874 3344 permisit,
898 3279 1071 3326 marsuam
1093 3261 1214 3343 plebem
1229 3260 1324 3326 mise-

84 3373 170 3452 ratus,
191 3374 357 3458 imperabit
369 3375 457 3454 mari,
480 3375 512 3440 et
526 3373 638 3439 redibit
653 3375 757 3458 optata
772 3373 989 3458 tranquillitas.
1021 3371 1119 3454 Quam
1135 3374 1223 3440 nobis
1240 3393 1326 3458 spem

84 3485 170 3553 etiem
193 3488 381 3555 serenissimi
404 3488 550 3567 (laeseris,
573 3489 677 3555 fratris
700 3489 765 3554 eius
787 3489 886 3573 pictas
910 3489 1076 3574 singularis
1099 3491 1130 3555 et
1144 3469 1327 3556 Germaniae

83 3600 247 3685 principum
276 3621 441 3670 consensus
471 3604 645 3681 confirmat;
675 3623 730 3670 nec
752 3604 861 3670 deinde
890 3623 945 3670 nos
975 3607 1127 3689 quantum·
1151 3605 1327 3688 poterimus,

85 3733 185 3780 sumus
205 3737 341 3801 unquam
357 3718 497 3784 defuturi.
529 3716 628 3799 Quare
651 3720 759 3785 dilecte
782 3719 827 3784 fili
842 3722 947 3802 caepta
969 3719 1078 3786 itinere
1094 3739 1193 3804 perge,
1217 3739 1253 3784 ao
1269 3720 1329 3785 tibi

84 3829 141 3912 ipsi
163 3833 316 3916 responde,
346 3834 382 3899 ut
402 3835 472 3918 post
501 3836 638 3900 nostram
668 3837 827 3918 paternam
856 3835 1108 3913 benevolentiam,
1137 3835 1196 3900 tibi
1218 3853 1253 3898 ac
1275 3835 1328 3899 tuo

84 3945 179 4012 ordini
201 3967 319 4033 semper
339 3952 489 4033 paratum,
512 3950 606 4016 etiam
627 3949 897 4016 immarcescibiles
920 3949 1035 4034 gloriae
1050 3949 1189 4016 coelestis
1212 3950 1328 4015 fructus

85 4061 170 4127 bonis
183 4065 348 4131 rectoribus
363 4065 456 4146 aDeo
472 4065 669 4149 repromissos
677 4043 828 4150 “consequi
844 4065 996 4131 merearis,
1020 4065 1135 4129 Datum
1149 4065 1263 4129 Romae
1272 4065 1328 4129 etc.

84 4174 131 4243 die
153 4179 239 4246 xxvii.
262 4180 420 4247 Februarii
441 4181 571 4248 mdrrvi
617 4184 706 4247 Anno
728 4181 827 4247 tertio.
