3192 4930
581 303 801 385 45-

86 513 211 579 utendum
234 512 275 578 sit
296 512 416 596 qnando
440 514 540 596 potius
558 513 781 578 humanitatem
805 514 835 578 et
858 513 1051 578 elementiam
1068 531 1201 578 exercere
1218 513 1312 578 relle-

87 649 157 705 mus;
187 629 236 694 sed
266 629 397 694 nbuium
427 629 515 712 graui
537 649 608 694 cum
638 629 804 711 premimur
827 629 930 710 grauis
961 629 1057 693 nostri
1086 628 1197 706 dilecti,
1227 647 1317 711 quem

88 745 179 810 abbe
200 749 229 810 et
251 745 430 826 contagione
453 745 517 808 tam
541 744 684 809 exitiosae
714 743 810 826 pestis
835 745 1013 817 immunem,
1044 745 1133 826 atque
1163 743 1316 825 integrum

87 859 206 942 cupimus
228 879 413 926 conservare.
461 860 562 942 Auget
583 860 676 924 ctiam
707 857 840 924 dolorem
865 861 895 924 et
919 858 1155 924 sollicitudinem
1180 859 1315 923 nostram

86 975 177 1058 ingens
198 975 345 1058 quaedam
368 975 530 1040 admiratio
554 973 590 1040 de
614 975 723 1039 dilecto
747 975 810 1038 lilio
834 975 958 1038 Alberto
982 975 1155 1038 marchione
1179 973 1315 1038 Brunde-

88 1090 221 1172 turgonsi.
249 1093 315 1154 or.tr
338 1089 442 1154 beatae
459 1089 573 1155 Mariae
589 1089 842 1154 'theutonicorum
868 1109 978 1170 magno
1002 1089 1150 1172 magistro
1166 1089 1317 1164 Prusiae,

87 1225 161 1286 quem
175 1224 227 1270 uos
243 1205 374 1288 amplexi
391 1225 509 1289 semper
525 1205 674 1288 singulari
697 1203 827 1288 quodam
844 1223 953 1273 amore.
977 1207 1007 1268 et
1026 1205 1151 1286 paterna
1167 1204 1315 1268 charitate

86 1338 182 1388 sumus.
205 1321 289 1384 cuius
313 1320 504 1402 dignitatem,
536 1323 659 1394 statum,
684 1319 948 1402 tranquillitatem,
979 1339 1070 1402 qnam
1095 1339 1214 1402 seraper
1235 1319 1318 1383 cordi

86 1434 271 1512 latuerimus,
295 1437 326 1500 et
342 1437 412 1500 ante
428 1435 501 1500 dnm
524 1435 557 1500 in
573 1435 742 1500 minoribus
765 1454 901 1500 essemus
925 1434 1085 1500 constituti
1108 1436 1138 1499 et
1152 1435 1316 1517 protectio·

86 1569 143 1613 uem
164 1551 208 1614 sui
230 1549 346 1616 ordinis
369 1551 510 1634 gerendis
540 1550 682 1616 omnibus
706 1551 814 1616 officiis
845 1551 930 1615 illam
963 1549 1159 1626 servavimus,
1190 1553 1220 1614 et
1243 1567 1317 1632 quos

87 1664 195 1742 labores
224 1683 299 1748 quas
323 1685 376 1748 pro
407 1684 441 1730 eo
465 1665 685 1748 susceperimus
715 1684 818 1732 curas.
848 1667 901 1730 tua
925 1665 1153 1748 circumspectio
1184 1665 1317 1748 optimus

85 1782 124 1844 est
143 1781 233 1847 testis.
279 1779 360 1860 Quid
383 1781 466 1846 enim
489 1783 562 1858 erat,
585 1780 664 1864 quod
687 1780 723 1846 de
746 1799 780 1846 eo
804 1781 891 1846 uobis
915 1801 975 1846 non
991 1783 1131 1846 audacter
1155 1782 1315 1864 promitte·

85 1915 180 1970 mmus,
194 1897 271 1980 quod
287 1896 443 1962 uinculum
459 1896 581 1972 amoris,
598 1915 673 1979 quae
689 1897 791 1962 deemt
807 1896 1000 1962 coniunctio?
1025 1897 1081 1960 Vel
1097 1897 1179 1962 enirn
1195 1899 1318 1980 propter

87 2013 222 2078 vetustam
250 2013 445 2078 nobilitatem
469 2012 604 2076 familiae
628 2031 707 2086 suae,
739 2012 785 2076 vel
809 2015 930 2095 propter
952 2012 1049 2094 ipsius
1081 2013 1225 2094 proprias,
1250 2013 1314 2076 erri-

88 2125 207 2210 miasque
229 2127 366 2202 rutatos,
392 2127 438 2192 vel
461 2126 540 2210 quod
562 2129 734 2192 nostrarum
757 2127 902 2191 domuum
926 2127 1005 2192 inter
1022 2145 1052 2191 se
1069 2129 1175 2191 mutua
1199 2147 1317 2210 semper·

86 2239 239 2308 intercessit
276 2243 498 2320 benevolentia,
536 2241 620 2306 illius
651 2261 698 2304 res
730 2245 763 2306 ut
792 2243 855 2306 cari
884 2245 914 2306 et
944 2241 1046 2306 dilecti
1080 2242 1137 2307 tilii
1169 2245 1315 2326 tanquam

85 2361 190 2420 nostras
212 2357 362 2432 duximus,
386 2357 592 2440 habemusqne
615 2357 647 2422 in
671 2357 781 2422 bonore
805 2377 895 2440 penes
919 2377 974 2422 nos
998 2358 1072 2444 druos
1096 2358 1192 2441 ipsius
1208 2359 1317 2424 fratres

84 2471 242 2554 etquidem
265 2472 353 2536 nobis
376 2473 481 2554 gratos
504 2473 571 2536 tum
596 2491 650 2536 sua
673 2471 807 2554 ipsorum
832 2473 952 2548 virtuto,
977 2475 1042 2536 tum
1066 2473 1160 2536 totius
1183 2473 1318 2540 tantillae

85 2583 226 2668 dignitate.
272 2585 356 2666 Quae
379 2587 458 2652 certe
482 2587 581 2653 officia
604 2589 636 2652 et
658 2587 767 2651 merita
798 2590 901 2651 nostra
925 2587 1017 2670 digna
1041 2589 1135 2658 erant,
1166 2591 1199 2652 ut
1222 2589 1318 2653 nostri

85 2703 177 2766 mutuo
204 2702 325 2768 honoris
349 2706 380 2767 et
402 2701 492 2766 brrius
517 2705 638 2767 sanctae
663 2701 742 2767 sedis
773 2703 934 2786 dignitatis
963 2703 1042 2784 apud
1072 2703 1210 2767 animum
1235 2703 1318 2767 illins

84 2833 146 2878 cura
165 2816 311 2901 uigilaret
335 2837 431 2900 neque
455 2837 523 2882 eum
548 2817 704 2882 hominem
720 2817 752 2882 in
776 2819 858 2882 statu
883 2821 913 2882 et
929 2817 1002 2882 locis
1027 2817 1090 2882 suis
1114 2837 1183 2882 cum
1208 2818 1318 2883 bonore

82 2930 112 2992 et
131 2934 267 3012 potestate
289 2933 480 3016 relinqueret,
504 2933 555 3014 qui
577 2933 773 3015 apostolieum
800 2931 916 3010 Sedem,
940 2937 971 2997 et
993 2951 1102 2998 nornen
1126 2933 1314 3014 pontificium

84 3043 141 3108 suis
169 3046 267 3130 impiis
299 3051 331 3113 et
362 3047 516 3130 probrosis
549 3047 744 3130 dogmatibus
776 3051 856 3113 esset
890 3049 1082 3112 laceraturus.
1136 3045 1315 3131 Quanquam

84 3177 180 3238 pamm
200 3161 249 3227 bis
271 3162 425 3228 morsibus
455 3163 503 3226 est
525 3162 653 3227 obnoxia
677 3163 797 3228 ueritas.
846 3163 943 3246 Igitur
973 3163 1045 3227 baec
1071 3163 1156 3226 uobis
1188 3162 1320 3226 miraei

84 3373 165 3420 serires
182 3377 205 3424 u.
225 3378 249 3426 S.
267 3379 326 3427 nulle
345 3391 398 3426 coro
417 3391 457 3425 rao
476 3378 492 3426 il
511 3377 565 3436 qunl
585 3379 656 3424 molto
675 3379 706 3434 gli
725 3379 835 3426 anticiaco
853 3381 878 3426 ct
894 3379 1027 3434 liconiensi
1047 3379 1123 3434 qrrollo
1142 3377 1184 3424 ebe
1203 3379 1233 3424 ml
1250 3391 1320 3436 parre

87 3471 252 3528 expedientem
271 3475 323 3524 lnrli
343 3488 466 3523 conoscere
484 3478 574 3534 quanta
591 3489 630 3522 ern
643 3475 666 3522 la
684 3475 805 3531 benignitd
823 3477 845 3522 di
861 3476 889 3522 Ν.
903 3475 926 3523 S.
946 3489 1011 3524 roceo
1031 3475 1061 3522 lui
1076 3479 1100 3522 ot
1113 3476 1135 3521 lu
1154 3489 1196 3522 noo
1210 3476 1319 3531 religiono

83 3567 110 3612 et
126 3567 146 3614 lo
162 3583 231 3620 cnoro
248 3573 290 3622 obe
308 3587 400 3633 tempto
419 3572 449 3620 bo
467 3574 562 3632 portato
581 3573 627 3619 clla
646 3573 693 3618 ill.²
715 3585 757 3620 mro
775 3585 829 3620 coca
847 3573 944 3620 diceudo
970 3577 1034 3621 tulto
1053 3573 1129 3630 quello
1154 3573 1195 3620 cbo
1215 3573 1322 3620 iudicare

84 3675 156 3711 essere
173 3669 193 3713 in
210 3672 337 3730 proponite.
375 3669 454 3717 llondo
474 3670 564 3718 lntlnite
591 3671 652 3716 volte
672 3670 785 3724 rlugrutib
811 3669 857 3717 Sne
876 3669 921 3716 Sel
941 3671 1078 3717 afferendosi
1106 3671 1177 3716 molto
1202 3670 1249 3716 nlln
1268 3673 1322 3717 oto-

84 3760 349 3814 neumasensium
369 3768 393 3814 di
412 3767 436 3814 S.
457 3767 509 3816 ΒΜ.
530 3801 535 3815 .
555 3799 563 3814 .
584 3799 590 3814 .
611 3767 682 3814 liniti
702 3767 736 3816 col
756 3767 822 3814 datto
841 3780 898 3822 erun
912 3771 1013 3814 macstro
1033 3767 1049 3814 li
1067 3767 1135 3826 prirui
1151 3768 1320 3823 rapionaurcnti

83 3862 155 3906 enimi
172 3875 197 3909 uo
213 3865 233 3912 le
250 3877 302 3912 cone
321 3865 443 3912 lutharmro
462 3869 486 3913 et
505 3865 596 3912 dolsimi
616 3865 644 3910 de
663 3865 739 3922 quello
760 3865 820 3911 tollo
840 3865 901 3911 latta
919 3865 949 3911 da
968 3867 1020 3922 quel
1041 3879 1081 3912 no
1101 3877 1166 3912 roseo
1185 3863 1320 3912 Smnbiouso

83 3959 109 4000 et
128 3959 315 4014 particolamerrte
335 3961 378 4010 loci
405 3963 498 4020 querela
517 3960 545 4009 de
563 3964 627 4008 tutte
653 3962 728 4018 quello
753 3963 910 4010 exorbitantia
929 3966 954 4010 ot
972 3963 1067 4022 turpiori
1093 3962 1134 4008 cbo
1153 3963 1260 4010 contione
1279 3977 1324 4010 nnn

83 4065 126 4110 per
142 4067 182 4102 nna
197 4091 203 4105 .
221 4092 228 4107 .
246 4093 253 4106 .
271 4059 304 4108 lli
329 4073 400 4120 parre
425 4061 516 4108 codor-lo
541 4063 605 4106 tutto
629 4071 756 4106 coruncano
777 4093 781 4106 .
803 4093 809 4108 .
829 4093 835 4106 .
856 4061 886 4106 mi
914 4073 1031 4120 promorat
1056 4059 1080 4105 di
1106 4059 1154 4106 laco
1173 4060 1226 4115 orm
1253 4073 1324 4120 opera

83 4151 163 4207 percit
180 4155 204 4202 Ν.
222 4157 245 4204 S.
264 4171 292 4206 na
311 4158 410 4204 andraee
435 4161 545 4205 contento
564 4157 594 4204 de
613 4157 645 4204 lui
664 4160 689 4204 ot
707 4171 747 4216 per
771 4157 913 4205 demostraro
933 4171 946 4204 n
966 4157 1022 4204 tutti
1049 4155 1100 4203 chel
1120 4155 1183 4203 lusae
1202 4156 1277 4203 buono
1296 4161 1321 4204 et

84 4245 138 4294 idel
153 4247 270 4301 christiano
289 4255 399 4314 principa,
427 4259 452 4302 at
470 4255 506 4302 nol
526 4257 613 4314 partire
632 4267 674 4300 ruo
693 4257 776 4314 sponte
796 4267 838 4302 arra
856 4255 1024 4310 stringendum
1052 4253 1075 4300 la
1094 4267 1162 4302 mano
1180 4255 1320 4314 repliccmmi

82 4341 128 4389 cho
145 4347 164 4392 in
181 4363 203 4394 ra
220 4349 342 4398 lntbtrnna
370 4353 439 4399 laniet
465 4353 526 4409 quod
546 4353 612 4399 decet
631 4353 755 4398 niaximum
781 4351 933 4399 christianum
952 4352 1106 4410 principum.⁸
1146 4347 1325 4412 (Ocimpepr'mr

84 4439 141 4496 1⁴⁶8·
158 4443 185 4490 ll.
218 4447 360 4496 Nuntiatur·
378 4449 514 4497 Gemanica
531 4449 583 4496 Llll
601 4461 654 4509 pan.
676 4451 716 4506 81,
732 4449 772 4496 82.
812 4449 903 4497 Arcbir.
922 4449 984 4496 Secr.
1006 4449 1077 4495 l'nt.r.

1127 4532 1164 4606 3*
