3132 4910
767 281 1005 348 ..300-

261 474 444 559 apostolicas
466 493 527 542 non
549 475 694 544 facientes
710 476 833 561 plenam
855 478 887 543 ot
908 495 1091 562 expressam,
1114 495 1150 544 ac
1171 475 1210 544 oe
1224 478 1315 544 verba
1336 477 1366 544 et
1379 477 1483 544 verbum

262 590 299 658 de
320 589 440 658 indulto
463 591 639 660 huiusmodi
660 592 856 660 montionem.
901 591 992 659 Nulli
1005 611 1078 677 ergo
1100 594 1157 660 etc.
1179 593 1284 660 nostre
1299 592 1484 670 absolutionis,

261 707 451 788 moratonio,
474 707 664 788 irritationis,
694 708 903 790 revocationis,
925 708 1154 788 annullationis,
1177 708 1406 794 approbationis,
1424 726 1483 774 corr·

261 821 452 904 firmationis,
476 824 594 904 statuti
616 824 738 902 decreti
759 823 969 904 ordinationis,
992 823 1202 906 concessionis,
1224 823 1426 903 restitutionis,
1444 823 1484 889 in·

261 937 421 1006 bibitionis
436 940 492 1006 ote
507 939 654 1006 mandata
675 939 842 1025 intringere
856 943 912 1007 etc.
936 939 1039 1026 Siquis
1061 943 1117 1008 etc.
1154 941 1272 1008 Datum
1293 942 1403 1007 Romae
1421 937 1486 1023 apri

261 1051 408 1120 Sanctam
430 1055 555 1122 Petrum
584 1073 664 1124 anno
686 1057 742 1122 ete.
788 1055 954 1124 Millesimo
977 1057 1221 1142 quingentesimo
1245 1055 1485 1142 vigesimoquarlo,

261 1168 311 1236 vii
334 1169 394 1236 kal.
418 1167 614 1254 Septembris,
637 1172 832 1258 pontificatus
855 1173 952 1242 nostri
975 1192 1055 1242 anno
1076 1171 1184 1259 primo.

851 1505 924 1574 225.

525 1696 773 1759 communitas
796 1669 961 1758 Senensis
984 1698 1155 1758 clementi
1179 1699 1253 1759 vll.

709 1807 795 1895 (Litt
811 1809 905 1893 princ.
921 1809 961 1875 ll.
978 1808 1067 1894 273).

740 1925 805 2011 (20.
823 1923 904 2009 Sept
924 1925 1031 2001 1524).

347 2109 423 2177 Cum
438 2111 585 2178 hacteuus
602 2131 625 2179 s.
640 2112 669 2180 b.
685 2113 707 2179 t
724 2131 884 2180 comunem
898 2111 1083 2179 christianae
1098 2111 1194 2179 totius
1208 2111 1391 2196 reipublicae
1403 2111 1488 2175 ensto-

258 2227 328 2294 rlem
351 2247 386 2293 ee
408 2228 619 2312 protectricem
634 2228 863 2314 cognoverimus
886 2229 1033 2313 tanquam
1049 2227 1202 2295 verissimi
1224 2227 1306 2294 sodis
1329 2225 1489 2310 apostolicae

257 2341 317 2408 lilii
332 2343 399 2409 cius
414 2361 511 2428 opem,
534 2344 804 2429 quotienscumque
825 2361 862 2410 ca
875 2343 1059 2428 indigemus,
1082 2343 1341 2410 confidentissime
1363 2342 1488 2424 implora·

258 2479 343 2538 mus;
365 2461 596 2545 qnamombrem
618 2479 688 2528 cum
704 2460 762 2526 hac
784 2463 872 2528 nocte
886 2461 991 2544 elapsa
1012 2479 1067 2544 por
1088 2460 1169 2526 cives
1191 2461 1312 2526 nostros
1328 2456 1488 2542 reipublicae

256 2575 383 2643 libertas
399 2578 573 2661 recuperata
596 2577 638 2642 sit
660 2595 695 2643 ac
710 2577 870 2662 tyrannica
892 2575 993 2644 omnis
1008 2577 1056 2644 vis
1079 2575 1211 2660 epatria
1232 2575 1332 2660 pulsa,
1354 2593 1420 2640 cum
1433 2587 1487 2638 vcro

256 2693 314 2759 hoc
328 2691 431 2760 <livino
452 2694 530 2759 nutu
545 2693 658 2777 absque
673 2693 737 2758 ulla
753 2693 876 2760 cruento
898 2692 1011 2760 civium
1026 2692 1200 2758 nostrorum
1214 2691 1306 2758 caede
1323 2685 1487 2758 successerit

256 2807 430 2902 libertatem
453 2809 554 2893 ipsam
576 2808 731 2874 communi
752 2808 866 2874 civium
889 2807 1027 2874 omnium
1042 2825 1191 2874 consensu
1212 2825 1267 2891 pro
1291 2806 1405 2872 viribus
1424 2799 1487 2868 brevi

256 2923 477 3008 proposuimus.
530 2921 732 2992 Sanctitatem
760 2923 857 3009 igitur
885 2926 971 2990 tuum
1000 2923 1029 2988 b.
1059 2925 1206 3007 tanquam
1234 2921 1487 2988 clementissimo

257 3037 499 3107 Christianorum
522 3039 660 3106 omnium
683 3039 826 3107 tutricem
841 3039 1035 3106 obsecramus
1050 3040 1086 3104 ut
1107 3040 1246 3104 nostram
1261 3037 1364 3123 (Sulis
1381 3033 1485 3119 aposto

254 3155 332 3221 licae
355 3154 472 3222 scilicet
493 3153 639 3240 liliorum)
663 3154 838 3223 libertatem
860 3172 1037 3222 conservare
1052 3155 1144 3238 atque
1166 3171 1278 3238 augore
1300 3170 1361 3218 non
1377 3148 1485 3216 daunai

257 3268 322 3337 Noa
345 3289 414 3337 vcro
443 3271 554 3338 merito
575 3270 609 3336 in
632 3269 741 3338 Scdem
772 3270 972 3356 apostolicam
994 3269 1138 3354 obsequio
1166 3287 1324 3354 nunqnam
1353 3265 1486 3334 curuos

255 3385 442 3470 pollicemur,
465 3405 525 3470 qua
538 3384 572 3450 in
595 3404 627 3451 re
642 3385 836 3453 misissemus
859 3386 1007 3452 hactonus
1023 3383 1062 3452 ad
1077 3386 1105 3451 b.
1122 3386 1209 3452 tuam
1223 3385 1359 3451 oratores
1372 3383 1485 3448 noem

255 3501 309 3568 seri
330 3521 401 3568 cum
429 3521 478 3568 rev
500 3503 566 3569 tom
596 3501 710 3568 recenti
736 3501 823 3567 motu
852 3520 913 3568 non
935 3500 1034 3566 adhuc
1055 3500 1179 3566 omnino
1209 3499 1332 3566 imaue
1355 3497 1421 3574 sint
1441 3493 1485 3558 boc

255 3616 460 3702 cumprimum
482 3617 585 3702 quieta
607 3618 696 3683 erunt
710 3617 814 3684 omnia
835 3616 953 3684 officere
968 3615 1164 3682 decrevimus.
1197 3614 1241 3682 lix
1263 3613 1379 3699 pdatio
1399 3609 1484 3678 nostro

254 3731 305 3800 dic
326 3751 372 3800 xx.
396 3731 584 3819 Septembris
606 3731 736 3799 mdxniv.

882 3961 1083 4030 Devotissimi
1104 3961 1163 4029 filii
1186 3960 1346 4028 servitores

702 4079 824 4164 priores,
846 4079 1064 4164 gubernatores
1086 4077 1257 4146 communis
1280 4073 1482 4160 otoapilnncus

893 4193 998 4279 populi
1019 4192 1155 4260 civitatis
1178 4191 1330 4258 Senensis.

944 4307 1062 4376 Marius
1084 4308 1121 4376 de
1142 4307 1300 4376 Bandinis.
