3128 4908
748 277 992 346 -280-

241 471 355 539 tionem
384 473 423 538 eb
453 471 599 541 virtutem
630 472 883 560 nobilitatemque
912 471 995 553 eius,
1028 493 1084 540 nec
1113 473 1217 540 minus
1239 474 1279 540 cb
1308 473 1378 540 dicii
1404 472 1467 557 regis

242 589 421 672 respectum,
450 589 646 674 nostrumque
673 590 753 656 hsuc
781 590 1078 658 commendationem
1107 591 1237 657 honeste
1265 590 1374 674 cliqm,
1400 591 1469 654 eise

243 701 337 787 digus
351 703 522 770 conditione
536 705 735 790 prosequeris.
757 706 875 773 Dcium
889 706 1006 774 chse
1020 707 1076 772 etc.
1099 705 1158 776 Die
1176 706 1227 772 vii.
1236 705 1353 792 Aprilis
1362 704 1470 772 minuis.
1546 733 1547 778 n

243 817 332 886 Anno
354 818 461 903 primo.

832 1085 905 1150 211.

533 1247 685 1309 Carolus
707 1250 749 1309 v.
771 1250 956 1310 Ludovico
978 1250 1098 1324 Hung.
1120 1251 1205 1323 regi.

658 1359 745 1446 (Iu'tc
760 1361 855 1445 princ.
870 1361 911 1427 Π.
927 1361 978 1427 fei
996 1359 1082 1446 195).

720 1476 763 1564 (9.
779 1477 896 1562 Aprilis
915 1475 1023 1565 1524).

334 1634 459 1703 Curclus
482 1636 586 1704 divim
608 1638 730 1707 invente
752 1639 930 1721 clementia,
960 1639 1074 1708 electus
1096 1641 1305 1708 Romanorum
1333 1641 1476 1726 imperuim
1548 1677 1549 1680 =

244 1771 363 1838 semper
377 1757 535 1840 augustus,
550 1775 586 1822 sc
596 1754 786 1836 Germaniae,
805 1757 1033 1841 Hispaniarum,
1048 1758 1206 1841 uniusque
1222 1755 1352 1838 Siciiisc
1366 1757 1475 1822 fferlm

244 1872 299 1937 etc.
324 1890 382 1951 rer,
406 1871 551 1938 archidux
571 1871 723 1952 Ausinius,
746 1872 807 1937 dux
829 1873 1033 1957 Burgundisc
1056 1873 1242 1940 meeuiine
1264 1875 1321 1941 sic
1343 1877 1374 1939 et
1393 1891 1475 1938 cemes
1547 1909 1550 1946 2

246 1987 432 2072 Hsbspurgi
455 1987 625 2068 Flendrisn
654 1988 767 2054 ‘lirclis
789 1990 845 2054 etc.
869 1989 1066 2056 serenissimo
1088 1989 1221 2074 principi
1249 1988 1371 2056 domino
1391 1987 1474 2054 Lude
1549 2025 1550 2032 κ

244 2101 310 2167 vice
339 2103 405 2188 regi
434 2102 609 2189 Hungurine
639 2107 670 2170 et
692 2105 876 2172 Bohoemise
906 2123 941 2170 sc
966 2105 1056 2172 fucini
1084 2108 1116 2172 ei
1146 2105 1258 2172 sororio
1289 2107 1389 2173 ucsim
1414 2103 1475 2169 chn-
1539 2139 1551 2189 ,2

244 2216 367 2284 rissimo
383 2220 524 2300 sulutem,
539 2221 570 2286 ci
585 2221 712 2288 interni
727 2221 841 2288 emonis
855 2219 1032 2287 continuum
1051 2221 1283 2288 incrementum
1299 2219 1477 2288 Serenissine
1550 2285 1551 2292 ,

244 2333 384 2419 princeps
406 2334 501 2402 frater
522 2337 556 2402 et
577 2337 689 2402 sororis
711 2337 877 2404 carissime.
923 2333 994 2402 Non
1025 2336 1091 2402 sine
1114 2337 1248 2404 maxime
1278 2338 1373 2404 animi
1392 2335 1475 2403 delere
1544 2364 1548 2373 ·

243 2451 390 2536 legimus,
420 2471 495 2537 ques
518 2451 557 2518 sd
579 2470 635 2518 nos
663 2452 751 2519 misit
779 2453 900 2519 litteras
930 2453 1077 2520 serenitas
1100 2455 1203 2519 vestm
1231 2472 1267 2520 er
1290 2453 1413 2519 Posonie
1436 2448 1476 2514 die

243 2569 351 2654 quarto
373 2567 539 2646 Februarii,
568 2567 679 2652 quibus
701 2569 790 2636 nobis
813 2567 932 2635 abunde
961 2569 1149 2654 significavit
1169 2587 1228 2653 quc
1251 2569 1284 2635 in
1313 2566 1475 2635 discrimine

243 2702 305 2750 ncn
328 2703 383 2750 suu
405 2684 536 2762 tantum,
560 2683 613 2750 sed
635 2684 774 2751 comunis
796 2683 892 2751 tetius
915 2683 1100 2751 christianes
1114 2685 1298 2768 reipublicae
1321 2685 1400 2750 sulus
1419 2699 1474 2746 ver·

245 2801 336 2880 netur,
351 2802 390 2868 eb
405 2803 471 2867 tum
486 2817 615 2885 magnos
630 2801 794 2883 apparatus
804 2800 938 2879 bellicos,
955 2819 1030 2885 ques
1045 2799 1190 2884 pmfsnus
1205 2802 1237 2866 et
1250 2801 1364 2884 impius
1378 2795 1474 2879 sempi-

243 2919 347 2984 ternus
363 2917 461 2983 nostri
475 2916 609 2982 neminis
624 2915 722 2983 hostis
737 2915 834 2982 fucere
849 2915 969 2996 dicitur,
984 2915 1107 3000 quinon
1121 2918 1282 2983 centenius
1292 2913 1475 3000 superioribus

242 3033 387 3112 victoriis,
410 3033 472 3100 imo
493 3032 595 3117 mngis
614 3031 764 3112 incensus,
788 3033 878 3116 etque
900 3031 1032 3115 qucdsm
1052 3032 1141 3098 medo
1156 3033 1223 3099 tum
1237 3051 1377 3117 prospero
1391 3043 1474 3094 rerum

244 3168 384 3216 successu
406 3149 543 3227 allectus,
567 3148 661 3215 meite
684 3147 800 3214 maiore
821 3149 917 3232 parsi
946 3147 1049 3230 peiore
1071 3147 1104 3213 in
1125 3147 1185 3214 Dei
1207 3149 1353 3231 populum
1374 3141 1473 3211 muchi-

243 3266 341 3332 natur.
387 3263 475 3332 Certe
497 3265 645 3350 qusniam
668 3263 702 3330 in
723 3264 812 3331 nobis
833 3263 902 3342 fuit,
925 3262 1004 3328 nihii
1020 3263 1224 3347 superioribus
1247 3264 1338 3330 annis
1354 3259 1473 3329 emisisse

243 3382 388 3463 videmur,
412 3399 470 3467 quo
485 3381 583 3465 ipsius
599 3382 725 3447 cencius
740 3379 985 3464 infringeremus,
1001 3379 1065 3445 iilis
1081 3378 1203 3444 obviam
1217 3379 1342 3457 iremus,
1356 3373 1473 3444 dimissis

242 3497 282 3565 sd
295 3497 478 3583 reipublicae
492 3497 524 3563 ei
539 3498 639 3563 vestre
654 3494 827 3562 serenitatis
842 3495 972 3561 tutelam
988 3495 1050 3561 hiis
1064 3495 1206 3561 omnibus
1222 3493 1381 3578 praesidiis
1400 3493 1472 3574 auus

241 3614 345 3700 copiis,
368 3633 443 3699 ques
458 3631 513 3696 pm
528 3611 720 3679 coronatione
741 3611 846 3678 nestra
868 3610 906 3677 de
920 3629 1004 3678 more
1019 3607 1186 3677 Germanis
1207 3609 1298 3677 nebis
1313 3607 1472 3676 demerent.

242 3729 311 3812 Qui,
333 3730 394 3797 etei
407 3729 524 3796 maiore
545 3729 699 3812 pmesinre
724 3727 938 3812 potuissemus,
959 3726 1071 3792 iudicio
1087 3726 1182 3792 totius
1204 3725 1288 3792 orbis
1311 3744 1347 3791 es
1367 3721 1471 3790 fecisse

241 3865 320 3928 mus,
343 3865 420 3932 quse
434 3845 498 3914 ism
513 3844 599 3930 prius
613 3844 689 3910 bene
704 3843 945 3922 institueremus,
967 3861 1038 3909 cum
1059 3860 1121 3909 nen
1136 3839 1274 3908 tutandis
1293 3843 1388 3908 solum
1405 3834 1472 3904 chri·

242 3962 353 4030 siisuis
375 3961 465 4029 rebus
488 3961 741 4041 incumberemus
765 3958 817 4026 sed
840 3957 877 4024 de
896 3958 1062 4043 impiorum
1084 3956 1198 4023 finibus
1220 3956 1370 4040 psuletim
1384 3953 1472 4019 echer-

241 4077 351 4147 cendcs
360 4077 580 4163 cogitabamus,
596 4075 624 4142 si
632 4075 752 4160 recepta
767 4075 954 4159 exipsorum
969 4071 1112 4140 munibus
1122 4072 1369 4158 notepmgomm
1377 4065 1473 4141 ipsulm

242 4196 269 4262 si
291 4197 338 4261 toi
359 4193 506 4262 intinctae
528 4192 561 4258 in
582 4191 750 4276 Aphricsm
772 4191 897 4269 classes,
920 4191 1012 4274 eique
1034 4188 1182 4255 exercitus
1204 4185 1323 4272 aliquid
1344 4179 1473 4254 eiusmodi

241 4310 373 4394 sepiunt
419 4307 579 4375 Onetsmm
594 4307 747 4373 nescimus
762 4324 822 4391 que
836 4305 961 4373 niverno
976 4305 1049 4386 snio,
1072 4305 1126 4369 uui
1139 4303 1342 4389 qnemmdsm
1362 4301 1475 4368 forces

241 4423 342 4508 poiius
370 4423 467 4490 nimis
495 4421 673 4488 dominandi
701 4420 876 4506 cupiditate,
903 4421 942 4486 sb
968 4419 1026 4487 hcc
1053 4421 1121 4486 ism
1149 4419 1200 4504 pic
1230 4419 1322 4504 sique
1349 4427 1473 4503 pmcpem
