3152 4902
566 297 811 364 ...129-

80 496 146 564 dicm
167 496 284 564 assidui
300 495 423 575 luimus,
445 495 581 562 dolentes
597 495 628 560 et
650 494 807 578 gementes
822 495 889 558 tum
904 490 1030 557 aridum
1045 489 1217 557 animarum
1236 509 1312 576 qua-

80 633 136 678 rum
155 613 295 696 precipue
310 611 398 690 uobis
421 629 492 676 cure
515 611 613 676 eDeo
636 608 819 675 demandata
833 609 889 686 est
910 609 978 672 tum
993 607 1083 672 istius
1105 607 1315 672 nobilissimae

81 731 106 794 ct
117 729 198 795 nobis
213 727 413 794 ehunsmae
429 724 627 792 Germanicae
642 724 776 790 nationis
791 723 938 788 damnum
954 725 985 788 et
999 723 1217 807 ignominiam
1239 742 1315 807 quas

82 847 186 910 nostras
214 843 404 910 hortationes
433 861 502 908 cnm
532 841 635 926 plures
657 841 689 906 et
716 839 832 905 maiore
853 838 955 903 studio
986 839 1205 923 suscepissent,
1235 839 1317 904 esset

82 980 150 1026 nnnc
170 961 218 1026 illi
239 959 352 1044 populo
375 978 394 1024 a
416 958 480 1024 Deo
510 958 591 1022 fecta
621 956 720 1031 salus;
750 955 803 1021 sed
825 973 921 1038 nsque
951 953 1134 1020 desistemus
1156 956 1212 1020 hoc
1235 954 1317 1020 idem

84 1095 161 1159 agere
188 1095 241 1159 por
264 1073 435 1140 occasiones
464 1075 645 1158 temporum.
690 1070 781 1136 Nunc
810 1069 931 1153 quidem
955 1068 1034 1155 quod
1057 1071 1096 1135 ad
1118 1071 1187 1135 tuas
1210 1073 1317 1154 postu-

84 1192 200 1257 lationes
222 1195 254 1257 et
276 1191 328 1275 pia
350 1209 386 1255 ao
409 1191 515 1254 sancta
544 1187 693 1254 desideria
722 1185 842 1265 attinet,
871 1187 1030 1251 laudentes
1061 1206 1180 1252 summe
1209 1206 1319 1271 propo-

85 1307 171 1374 situm
192 1308 222 1373 et
235 1305 431 1391 prudentiam
446 1307 548 1372 noba·
568 1306 646 1382 tuas,
669 1303 812 1389 quoniam
828 1302 977 1368 eiusmodi
992 1303 1169 1368 facultatem
1185 1303 1321 1388 personis

85 1421 289 1488 ecclesiasticis
304 1422 421 1488 tibuere
436 1423 554 1505 oportet
575 1421 660 1486 iuxta
675 1419 795 1486 ordines
810 1419 841 1484 et
864 1419 985 1503 regulas
1003 1420 1176 1485 sanctorum
1190 1421 1323 1504 patrum,

86 1539 132 1620 qui
151 1541 254 1622 postea
277 1541 348 1603 turae
363 1535 554 1605 auctoritatis
577 1535 679 1620 gladio
695 1535 807 1601 armati
828 1534 1008 1600 mandatum
1030 1537 1062 1600 et
1077 1536 1323 1602 commissionem

86 1673 166 1720 suam
193 1655 385 1740 ereqmntur,
415 1651 637 1718 committimus
665 1653 768 1718 tenore
790 1651 979 1734 presentium
1000 1653 1031 1717 et
1053 1652 1232 1718 facultatem
1254 1673 1323 1719 am-

85 1769 162 1852 plam
183 1769 290 1836 damus
321 1769 373 1834 dil
394 1768 425 1834 su
448 1769 551 1834 nostro
581 1766 717 1832 ldrhardo
739 1765 836 1832 card.li
863 1767 1037 1832 homeusi:
1066 1771 1101 1834 ut
1123 1769 1196 1854 ipse,
1219 1770 1273 1854 qui
1295 1772 1326 1836 et

84 1885 216 1952 homines
237 1889 270 1954 et
284 1905 333 1952 res
347 1885 441 1950 habet
462 1884 609 1968 cognitas,
633 1885 711 1949 tales
726 1899 869 1967 personas
892 1884 1037 1964 nominet,
1061 1905 1137 1969 quae
1159 1889 1191 1953 et
1212 1887 1325 1954 virtute

84 2003 113 2066 ct
134 2002 278 2088 religione
300 2004 332 2067 et
354 2000 490 2068 doctrina
512 2002 601 2085 aptae
617 1999 680 2065 sint
702 1998 741 2064 ad
763 1998 977 2083 inquirendum
1001 2001 1105 2066 contra
1127 2001 1326 2084 Lutheranos‚
1381 1997 1384 2004 ’

85 2119 113 2183 et
134 2137 185 2184 eos
206 2117 378 2184 siconvicti
400 2115 513 2183 luerint
528 2115 577 2180 uel
599 2114 767 2200 cogendum
790 2116 826 2180 ut
847 2115 1028 2199 resipiscant
1044 2117 1092 2182 rel
1114 2119 1142 2184 si
1159 2119 1328 2203 pertinaces

84 2233 183 2300 insuo
199 2234 309 2300 scolere
331 2235 362 2299 et
377 2233 534 2316 impietate
550 2231 770 2316 permanserint
793 2232 939 2315 tanquam
962 2232 1110 2298 hereticos
1128 2235 1330 2318 puniendum3

85 2369 160 2433 qnae
181 2350 274 2416 etiam
296 2367 441 2434 personae
462 2347 665 2414 nominandae
694 2347 752 2412 tibi
774 2350 880 2431 gratae
909 2350 941 2412 et
962 2351 1101 2433 acceptae
1129 2371 1195 2417 esse
1218 2352 1329 2437 digno-

85 2465 246 2550 scantur.¹)
293 2463 359 2530 Nos
382 2465 464 2529 enim
486 2465 602 2529 talibus
625 2464 677 2548 qui
699 2483 752 2548 per
774 2463 890 2528 dictum
920 2464 1106 2531 cardinalem
1128 2469 1278 2534 nominati
1300 2471 1332 2534 et

84 2599 102 2644 a
130 2583 162 2646 te
193 2579 496 2665 computruerint,
528 2599 650 2646 omnem
680 2581 782 2644 tenore
811 2580 998 2663 presentium
1028 2580 1137 2647 damus
1167 2586 1333 2668 apostolica

84 2697 265 2762 auctoritate
287 2695 464 2761 facultatem
495 2695 588 2760 simul
610 2697 641 2760 et
662 2696 845 2779 potestatem
868 2697 972 2760 contra
994 2695 1092 2762 dictas
1114 2700 1335 2768 ecclesiasticas

83 2831 238 2894 personas
260 2831 338 2896 qnae
352 2813 523 2894 compertae
538 2811 571 2876 in
585 2811 645 2876 iste
666 2811 783 2876 nefaria
804 2810 902 2876 heresi
918 2811 1031 2876 tuerint
1045 2815 1225 2895 procedendi
1240 2818 1334 2884 etiam

85 2925 219 2994 dimissa
237 2928 302 2994 tola
324 2926 482 2992 iudiciaria
512 2927 677 2993 summarie
706 2945 740 2992 es
762 2926 800 2992 de
822 2926 913 3009 plano
943 2928 1008 2992 sola
1037 2928 1164 2996 veritate
1192 2930 1337 3016 inspecta,

84 3045 123 3122 ct,
148 3044 178 3108 si
203 3042 356 3110 convictae
378 3041 500 3121 fuerint
523 3042 594 3108 illas
616 3041 736 3126 publice
759 3043 922 3107 retractare
944 3042 1071 3128 cogendi
1093 3046 1147 3110 aut
1168 3047 1338 3129 pertinaces

84 3161 115 3224 et
137 3159 314 3226 obstinatos
336 3158 480 3224 extremis
511 3157 668 3242 suppliciis
698 3158 843 3242 puniendi
865 3158 949 3222 irrata
971 3158 1107 3224 ordinem
1130 3162 1161 3226 et
1183 3180 1299 3229 morem
1322 3182 1341 3227 a

86 3275 208 3339 sanctis
231 3275 369 3359 patribus
384 3275 417 3339 et
434 3274 569 3340 romanis
591 3273 785 3358 pontificibus
800 3275 905 3339 contra
927 3273 1075 3339 hereticos
1099 3276 1258 3356 statutum,
1281 3296 1343 3343 non

85 3388 287 3455 obstantibus
310 3389 558 3474 quibuscumque.
595 3389 642 3455 Tu
665 3408 736 3474 ergo
751 3388 860 3454 dilecte
882 3389 929 3453 fili
950 3389 984 3454 in
998 3389 1055 3454 hac
1077 3390 1128 3474 pia
1150 3393 1181 3457 et
1196 3392 1344 3458 catholica

87 3507 194 3571 mente
221 3523 293 3589 erga
315 3504 556 3589 omnipotentem
570 3505 671 3569 Deum
693 3523 888 3588 perseverans
910 3505 1058 3569 confidere
1073 3504 1197 3571 debebis
1220 3509 1250 3572 te
1273 3527 1343 3591 pre-

89 3621 152 3685 mia
176 3621 221 3685 ab
247 3639 279 3685 eo
294 3620 388 3705 digua
411 3639 429 3684 a
452 3620 540 3685 nobis
556 3620 678 3705 quidem
701 3639 823 3686 omnem
838 3620 972 3704 gratiam
995 3639 1013 3684 a
1035 3622 1152 3686 cunctis
1171 3623 1346 3689 hominibus

88 3737 218 3804 laudem
246 3737 476 3820 reportaturum
521 3734 637 3801 Datum
659 3736 775 3802 Romae
798 3735 846 3800 die
868 3736 948 3801 xxiii
964 3736 1080 3818 Aprilis
1104 3736 1221 3803 mdxrv.
1259 3739 1348 3804 Anno

89 3850 236 3919 mundo.

188 4139 209 4207 ¹)
231 4140 281 4188 llic
296 4140 454 4198 aeqncbantur
472 4141 497 4186 ln
522 4140 630 4196 originali
655 4141 746 4188 minuto
764 4141 833 4187 verbs
855 4143 937 4200 postea
964 4142 1067 4189 omissa:
1104 4140 1195 4202 ‚Super
1220 4155 1266 4200 quc
1292 4143 1354 4191 illius

94 4237 306 4302 &coamatori
324 4240 350 4286 et
366 4241 509 4298 potestatem
528 4239 674 4286 concedmus
691 4241 718 4285 et
734 4238 790 4284 talin
808 4251 876 4286 carae
899 4239 1059 4297 suscipiendae
1077 4252 1135 4286 onus
1154 4253 1181 4286 ac
1198 4241 1302 4288 debitum
1321 4243 1357 4289 in-

96 4343 102 4354 ’
151 4343 159 4354 '
221 4342 236 4368 G

95 4353 216 4398 rennuunt
237 4371 246 4386 .

151 4560 262 4608 „amru
280 4556 386 4592 mnne·
401 4557 447 4596 vn.
1182 4544 1202 4608 9
