3128 4908
756 309 1000 382 --2118-ω

251 506 521 589 christianissimo,
553 507 653 596 (Hisp.
684 512 839 588 oeneus,
869 511 1015 598 Angites,
1037 505 1120 599 ficies·
1138 533 1209 600 cop.
1240 513 1400 599 decuere
1421 511 1492 580 Pori.

252 629 364 711 optim
381 623 464 713 repe)
482 620 677 693 desideratur.
716 625 800 708 Quae
815 627 937 694 etiamsi
953 641 1061 694 musae
1076 645 1137 696 non
1152 630 1262 707 essent,
1280 629 1308 694 si
1322 629 1376 694 ant
1391 629 1493 694 summi

251 739 309 808 Dei
331 743 492 827 respectas,
515 745 569 808 aut
591 743 761 808 communis
785 743 894 809 salutis
917 743 1126 822 consideratio,
1149 747 1202 810 aut
1217 745 1313 811 honor
1335 743 1431 812 nostri
1445 763 1491 808 no-

252 858 346 923 minis
367 874 611 944 unumquemque
633 872 694 923 non
716 861 865 935 moverot;
890 859 958 944 quis
981 861 1029 926 est
1052 861 1116 925 tarn
1140 860 1220 926 ierus
1243 861 1356 940 animo,
1379 861 1441 926 tam
1461 859 1492 923 ab

252 975 336 1038 omni
358 973 476 1039 alienus
499 973 691 1040 humanitate
714 976 767 1059 qni
792 975 902 1060 optimi
931 976 1014 1062 regis
1035 975 1120 1041 illins
1144 975 1319 1054 infortunio,
1349 973 1494 1041 attentae

252 1089 385 1154 erationis
401 1104 541 1172 suprema
556 1089 731 1156 calamitate
749 1087 788 1156 ad
803 1089 1044 1156 misericordiam
1060 1089 1120 1156 ntn
1136 1093 1302 1170 moveatur,
1326 1089 1492 1176 praesertin

252 1222 321 1270 curn
344 1206 477 1290 cogitare
492 1206 597 1289 possit,
621 1207 653 1270 in
669 1225 702 1270 se
723 1220 840 1291 qnoque
856 1205 904 1271 rel
926 1208 1063 1290 posteros
1087 1209 1166 1272 certe
1186 1224 1257 1272 suos
1280 1207 1410 1272 eandem
1422 1207 1492 1271 easi-

254 1323 311 1387 bus
340 1321 485 1386 humanis
513 1321 663 1386 tributam
692 1337 758 1388 esse
787 1323 980 1405 potestatem.
1026 1319 1113 1401 Quod
1142 1321 1310 1406 periculum
1340 1321 1448 1388 cerbus
1469 1325 1492 1385 el

253 1435 378 1520 gravius
400 1435 537 1503 flitmum
560 1437 608 1503 est
631 1437 658 1502 si
679 1435 888 1523 potentissimi
910 1437 1009 1503 hostis
1032 1439 1063 1502 et
1085 1437 1298 1518 erudelissimi,
1323 1437 1377 1523 qni
1400 1456 1429 1503 se
1449 1453 1491 1500 so-

254 1551 318 1618 lnm
342 1565 445 1636 regom
468 1569 536 1619 esso
552 1553 618 1618 vult
640 1555 671 1618 et
693 1553 787 1619 alium
805 1555 958 1638 practerea
981 1555 1144 1630 neminem,
1167 1553 1214 1618 uis
1238 1556 1268 1618 ot
1287 1551 1414 1619 audacia
1427 1573 1492 1636 qure-

255 1667 329 1734 h'tlle
351 1667 504 1752 prosperis
533 1687 635 1734 rernm
664 1669 823 1734 eventibus
853 1669 884 1734 et
913 1670 1084 1734 accessione
1114 1686 1277 1753 regnorum
1306 1673 1339 1734 et
1368 1671 1492 1754 gentium

254 1783 422 1868 augebitur.
454 1783 514 1851 Sed
529 1783 566 1851 do
581 1783 631 1850 his
647 1783 738 1850 scribi
754 1784 967 1852 mandarimus
983 1783 1093 1851 dilecto
1109 1785 1172 1850 lilio
1188 1785 1285 1851 nobili
1300 1787 1366 1852 siro
1380 1785 1494 1852 Alborto

255 1899 310 1966 Pio
334 1899 444 1966 comite
466 1897 571 1984 Carpi,
604 1899 748 1986 (Roborto
770 1899 922 1966 hcoialolo
951 1901 1006 1966 eto.
1030 1897 1145 1967 liberto
1167 1901 1203 1966 de
1226 1899 1397 1983 (lambam)
1424 1921 1493 1966 nor-

254 2016 300 2082 cio
322 2015 403 2100 apud
424 2017 457 2082 te
478 2017 590 2095 nostro,
620 2019 651 2082 st
673 2033 744 2082 cum
766 2015 877 2082 theoto
899 2015 975 2083 item
1004 2013 1068 2082 filio
1092 2015 1238 2101 Gregorio
1268 2017 1366 2102 equiti
1388 2012 1493 2082 (1666116

254 2134 370 2198 oratore
393 2131 473 2216 apud
495 2149 551 2198 nos
573 2133 625 2198 tuo
647 2131 742 2198 locuti
757 2146 871 2211 sumus,
895 2133 930 2198 ut
951 2149 1022 2199 enm
1045 2138 1128 2198 soro
1147 2133 1201 2198 tun
1216 2131 1397 2217 diligentius
1411 2135 1492 2216 egent

254 2247 369 2314 nouus
393 2229 502 2324 veron
524 2249 634 2332 quibus
656 2247 712 2313 irre
734 2245 826 2313 soem
849 2247 982 2315 sauses.
1029 2247 1141 2314 nature
1168 2249 1283 2314 manse
1298 2251 1354 2316 eo.
1378 2249 1426 2316 oss
1440 2269 1492 2312 er

255 2361 333 2430 Julli
354 2361 485 2430 mhxrri
531 2362 620 2430 hnno
642 2363 741 2430 tertio.

345 2595 440 2662 Matri
462 2595 544 2682 regis
567 2595 824 2662 christianissimi
848 2635 891 2644 —
914 2595 1082 2684 Responsio
1105 2597 1144 2662 ati
1166 2598 1232 2664 cius
1254 2597 1376 2664 litteras
1391 2617 1407 2662 a
1422 2597 1492 2662 lan·

255 2714 339 2797 genio
362 2711 482 2779 allatas.
506 2751 550 2761 —
573 2711 630 2778 llio
653 2712 734 2778 xviii.
759 2711 947 2797 Septembris
970 2711 1100 2780 manvi.
1145 2715 1234 2780 Anno
1257 2709 1356 2781 tertio

850 2976 922 3041 183.

712 3141 799 3212 Rssl
823 3141 1058 3200 Francorum.

346 3291 511 3359 Carissimo
526 3293 581 3359 eto,
614 3291 704 3358 Nihil
719 3296 875 3380 expectare
889 3293 1044 3378 potuimus
1059 3311 1077 3358 a
1093 3291 1146 3360 tua
1163 3299 1243 3360 ser.te
1265 3295 1400 3378 optatius
1414 3312 1493 3378 quan

257 3409 336 3497 quod
359 3429 394 3476 ea
416 3407 554 3476 mitteret
576 3409 732 3475 hominem
756 3409 815 3475 sibi
837 3405 934 3474 litum
956 3409 1136 3493 pmdcntom
1160 3411 1326 3489 strenuum,
1350 3411 1403 3495 qni
1423 3407 1495 3475 ctat

257 3542 312 3592 nos
336 3525 372 3590 tle
396 3539 451 3590 sna
473 3525 590 3610 optima
619 3535 692 3609 erga
715 3539 770 3590 nos
793 3525 948 3590 voluntate
978 3528 1129 3591 recentem
1153 3525 1298 3591 nuncium
1328 3525 1452 3604 afferrot
1472 3525 1495 3589 et

257 3663 305 3708 res
329 3641 437 3707 ltaliae
460 3657 519 3726 qno
542 3641 575 3705 in
601 3642 683 3706 stata
707 3641 778 3719 sint,
808 3656 950 3724 praesens
973 3641 1040 3724 ipse
1069 3641 1281 3725 specularetur.
1329 3639 1496 3726 Quanquam

257 3759 294 3825 de
317 3755 521 3824 benivolentia
544 3757 597 3822 tna
620 3773 692 3840 erga
714 3775 778 3834 nos,
802 3757 885 3822 nullo
909 3757 1017 3823 nuncio
1040 3759 1213 3842 egebamus.
1259 3752 1330 3823 Non
1345 3757 1428 3824 enim
1448 3755 1495 3822 trr-

256 3875 392 3940 bitamus
415 3873 489 3957 qnln
510 3873 546 3938 tu
568 3889 641 3958 erga
663 3891 719 3938 nos
742 3891 776 3939 eo
799 3873 902 3938 animo
917 3887 999 3939 esses
1023 3892 1082 3958 quo
1104 3889 1177 3958 erga
1192 3871 1369 3957 pontificem
1391 3873 1436 3939 tui
1449 3873 1495 3936 ho-

257 3991 340 4057 noris
362 3989 497 4056 nominis
519 3987 682 4074 dignitatis
697 3989 947 4054 amantissimum
969 4006 1037 4055 esse
1059 3987 1191 4056 coheres.
1238 3989 1284 4055 Do
1306 3991 1372 4056 toto
1387 3987 1496 4074 quiden

258 4105 333 4172 belli
355 4107 386 4171 et
409 4121 510 4171 rorum
532 4107 707 4171 nostrarum
727 4103 817 4184 statu,
841 4105 931 4189 atque
954 4105 991 4170 (16
1006 4121 1040 4170 eo
1063 4107 1151 4186 hollo,
1167 4105 1247 4191 quod
1262 4105 1322 4172 etsi
1340 4104 1496 4172 communis

257 4221 367 4286 ltaliae
389 4223 421 4286 st
443 4219 679 4286 christianitatis
702 4219 854 4286 commodi
876 4239 966 4287 cansa
983 4223 1140 4306 sumptum
1162 4223 1225 4303 est,
1249 4221 1385 4289 maxima
1406 4223 1494 4288 tarum

259 4353 295 4400 ex
317 4337 403 4418 parte
425 4334 464 4401 ad
486 4335 722 4418 amplitudinem
745 4351 861 4420 quoqne
885 4339 969 4402 brom
993 4338 1238 4417 consoroentam
1262 4335 1293 4404 et
1314 4337 1440 4424 pignora·
1453 4337 1494 4400 lua

260 4447 319 4514 tibi
333 4449 535 4532 recuperanda
558 4453 605 4516 est
621 4452 811 4534 susceptum
834 4454 1047 4536 gratissimum
1063 4451 1151 4520 nohis
1174 4450 1493 4522 micholamabat
