3152 4902
776 303 1018 368 -118-

268 513 338 560 cum
362 497 474 561 bonore
497 499 528 562 66
551 496 653 562 debito
676 495 767 560 huius
790 515 934 579 personae
956 517 1048 581 quam
1070 500 1205 582 gerimus
1228 502 1381 586 potuimus
1395 501 1496 569 Caesari

268 613 352 678 omni
382 613 610 680 benevolentiae
640 615 671 678 et
693 611 803 678 federis
826 613 946 678 vinculo
968 613 1126 698 coniungi3
1155 636 1340 701 quamquam
1361 619 1392 684 in
1413 638 1496 684 amore

267 733 298 796 et
313 730 524 796 benevolentia
539 729 662 813 quidem
678 728 757 793 nihil
772 729 804 794 in
827 729 928 795 animo
944 733 1047 795 nostro
1069 733 1212 798 novatum
1229 735 1292 810 666;
1316 755 1417 800 sumus
1430 735 1498 800 enirn

268 847 320 931 661
343 847 473 922 firirnus3
497 867 552 911 nec
574 847 696 929 tempus
711 846 810 910 ullum
833 845 892 910 fuit
914 846 1052 930 quocies
1075 847 1162 912 66616
1185 867 1246 913 666
1268 851 1350 916 66666
1373 851 1500 915 maiestas

267 965 299 1026 66
322 961 492 1044 6666116616
522 962 606 1029 omni
635 962 824 1026 humanare
847 962 951 1027 carior.
989 961 1048 1026 Sed
1077 964 1155 1046 quod
1186 963 1269 1030 intus
1300 967 1458 1031 molestum
1477 969 1500 1030 et

268 1077 378 1144 ardens
401 1079 591 1162 gerebamus,
621 1079 653 1143 id
676 1078 760 1143 omni
782 1077 845 1142 iem
867 1077 1085 1161 impedimento
1108 1079 1136 1144 61
1157 1081 1241 1146 obice
1272 1083 1393 1148 sublato
1414 1083 1498 1166 potui·

267 1215 336 1259 mus
359 1195 393 1259 in
415 1194 756 1279 apertum-patefacere3
777 1213 849 1259 nam
872 1196 961 1260 66666
979 1195 1101 1279 quidem
1123 1215 1192 1260 cum
1208 1193 1368 1263 Gallorum
1391 1201 1499 1265 terrores

265 1314 297 1376 at
319 1311 453 1394 pericula
475 1311 508 1375 in
529 1311 622 1375 ltalia
637 1311 836 1388 versarentur,
859 1329 987 1394 cumque
1009 1311 1226 1394 percrebuisset
1242 1313 1344 1396 opinio
1367 1315 1425 1380 1666
1445 1334 1497 1380 om·

267 1428 353 1493 nium
376 1427 547 1493 communis
571 1426 687 1491 viribus
709 1426 833 1491 illorum
856 1425 971 1492 diutius
1000 1445 1061 1491 non
1083 1446 1171 1510 posse
1193 1429 1311 1504 resisti;
1342 1431 1409 1495 tum
1430 1429 1499 1494 6116-

266 1545 357 1610 batur
380 1545 468 1609 nobis
497 1543 669 1627 pontificiae
698 1561 843 1626 personae
873 1545 1108 1608 consentaneum
1137 1546 1243 1609 neutro
1268 1563 1300 1610 66
1323 1545 1402 1624 dare,
1430 1547 1457 1611 ot
1475 1545 1499 1608 in

266 1660 377 1726 mediis
400 1661 530 1726 aliorum
554 1657 797 1725 contentionibus
821 1659 991 1724 communis
1014 1659 1111 1742 patris
1126 1678 1229 1743 gerere
1252 1679 1426 1744 personam
1446 1663 1499 1725 tum

265 1796 335 1842 vero
359 1777 485 1842 timores
508 1779 540 1842 et
561 1776 695 1859 pericula
717 1775 815 1839 nostri
844 1777 875 1840 et
897 1775 1095 1840 ecclesiastici
1125 1777 1224 1841 status
1248 1795 1303 1842 nos
1326 1797 1361 1843 eo
1383 1777 1499 1844 addune-

265 1896 337 1982 6666
351 1894 386 1958 66
401 1895 432 1957 66
447 1893 621 1958 nostrarum
638 1911 738 1957 rerum
754 1890 946 1957 securitatem
963 1891 1082 1974 661666
1098 1891 1281 1956 Francorum
1306 1912 1376 1977 rege
1391 1913 1499 1977 quaere·

266 2029 367 2074 remus
391 2010 423 2074 et
445 2008 583 2074 vicissim
598 2007 626 2072 ei
648 2007 735 2072 illam
752 2026 770 2071 6
785 2007 873 2071 66616
897 2006 1120 2091 66661666666,
1144 2025 1203 2090 666
1218 2010 1413 2075 conventione
1433 2009 1500 2073 facta

267 2145 337 2190 cum
361 2126 526 2190 multorum
543 2123 657 2207 1616616
680 2123 950 2188 obtrectationibus
966 2125 1112 2206 tanquam
1136 2123 1266 2188 aliarum
1288 2125 1419 2208 partium
1440 2121 1502 2189 16611

266 2239 517 2305 insimularemur
554 2238 746 2322 perstitimus
775 2238 934 2304 tamenin
964 2239 1102 2322 suscepta
1132 2239 1335 2318 666666116666,
1365 2241 1502 2324 totiusque

266 2351 531 2434 66111161161661,
561 2355 595 2419 in
624 2373 682 2438 quo
712 2373 767 2419 nos
797 2355 930 2418 multum
959 2353 1107 2418 momenti
1136 2353 1233 2420 facere
1262 2355 1501 2438 potuissemnssi

266 2471 382 2536 6116666
404 2471 571 2535 voluntatis
586 2470 760 2546 fuissemus,
777 2470 839 2534 Deo
862 2469 1063 2553 omnipotenti
1085 2469 1289 2553 permisimus,
1313 2471 1366 2555 qui
1388 2470 1500 2536 66616-

264 2587 378 2652 61166111
400 2585 598 2668 providentia,
628 2587 775 2669 quantum
799 2585 829 2650 66
852 2583 989 2650 Caesaris
1012 2605 1103 2650 66666
1126 2586 1225 2664 vellet,
1248 2589 1279 2651 66
1301 2607 1373 2652 suae
1396 2587 1502 2652 sanctae

267 2702 335 2768 lidei
359 2701 519 2768 aCaesare
541 2703 719 2786 expectaret,
742 2700 897 2784 inopinato
920 2702 951 2766 et
973 2700 1148 2766 admirabili
1170 2701 1314 2768 beneficio
1337 2701 1502 2768 declaravit:

266 2837 337 2902 ergo
361 2819 416 2882 hac
439 2819 483 2883 sie
506 2819 611 2883 6116666
642 2819 722 2898 aunt,
751 2835 828 2901 6666
850 2816 938 2881 66616
968 2817 1050 2882 exitu
1072 2817 1138 2900 ipso
1160 2819 1248 2901 grata
1271 2820 1303 2883 et
1324 2817 1501 2902 probatain

266 2933 472 3018 expectatione
494 2933 587 2999 dubia
609 2936 641 2999 et
656 2931 745 2998 anxia
767 2933 945 3008 ertitemnt3
969 2932 1022 2996 ubi
1045 2934 1147 2998 autem
1162 2934 1296 3016 primum
1318 2935 1403 3000 locus
1424 2933 1501 2999 datus

266 3049 402 3115 estsine
431 3049 579 3133 pontificii
607 3049 731 3114 honoris
760 3047 924 3132 preludioio
953 3047 1077 3132 iungere
1100 3047 1309 3130 6660666661,
1338 3069 1394 3117 nec
1415 3050 1501 3116 solnm

266 3165 378 3232 amoris
401 3165 525 3249 pristini
547 3164 614 3243 fide,
638 3165 691 3230 sed
713 3165 833 3230 vinculo
856 3165 949 3230 etiam
966 3163 1155 3230 sanctissimi
1177 3166 1208 3230 et
1229 3165 1367 3249 perpetui
1391 3164 1501 3236 1616616

266 3300 324 3365 666
348 3281 450 3346 animo
473 3283 505 3346 et
527 3280 696 3346 cuiusmodi
720 3281 820 3345 studio
844 3279 876 3344 id
897 3279 1093 3358 effecerimus,
1116 3268 1243 3346 babebis
1266 3300 1327 3346 non
1351 3281 1500 3348 66166666-

267 3398 350 3462 ctum
368 3397 420 3463 661
436 3417 541 3462 verum
556 3399 587 3461 et
602 3397 756 3461 conscium
771 3395 846 3461 dicti
861 3397 908 3461 Jo.
925 3396 1133 3461 Bartholomei
1155 3396 1382 3477 testimonium
1404 3415 1500 3482 quam·

268 3531 359 3595 quam
383 3531 438 3578 nos
461 3513 545 3578 nullo
568 3515 647 3577 teste
670 3511 770 3595 magis
786 3511 915 3576 nitimur
936 3531 1028 3595 quam
1051 3511 1235 3576 conscientia
1257 3514 1289 3576 et
1311 3513 1442 3578 veritate
1473 3509 1502 3572 16

265 3628 331 3712 1666
354 3629 476 3712 quidem
491 3627 590 3693 ledere
614 3627 771 3693 tractando
786 3627 859 3711 quid
875 3648 929 3692 nos
945 3627 1082 3693 Caesaris
1105 3626 1302 3710 amplitudini
1317 3627 1501 3694 tribuerimus

267 3764 314 3809 res
337 3743 405 3828 ipsa
427 3742 519 3809 fidem
543 3743 640 3808 faciet.
693 3741 784 3808 Nunc
806 3743 925 3827 quando
947 3744 1011 3809 iam
1027 3743 1112 3809 fedus
1135 3741 1231 3807 ictum
1253 3747 1301 3809 est
1323 3747 1355 3808 66
1377 3747 1502 3809 aeternae

266 3878 301 3924 ac
325 3859 489 3944 singularis
513 3859 665 3924 amicitiae
688 3858 858 3924 coniunctio
887 3859 1077 3924 corroborata
1100 3859 1158 3924 etsi
1181 3860 1211 3924 66
1234 3859 1286 3923 666
1317 3861 1421 3943 sponte
1443 3876 1501 3921 om·

266 3975 355 4039 61666
379 3975 488 4040 officiis
503 3974 575 4040 huic
590 3974 793 4039 coniunctioni
809 3975 1045 4058 suffragaturum
1065 3974 1213 4052 novimus,
1236 3973 1389 4040 voluimus
1410 3975 1502 4038 161666

265 4090 381 4155 hortari
404 4091 594 4156 devotionem
617 4093 702 4154 tuam
732 4091 767 4154 ut
789 4091 820 4154 et
842 4109 897 4155 nos
919 4089 987 4174 ipsa
1011 4089 1070 4154 sibi
1098 4089 1367 4172 persuasissimum
1390 4088 1503 4154 haberet

265 4205 382 4288 optima
403 4205 463 4271 lide
493 4206 608 4270 sincera
639 4205 793 4269 voluntate
824 4204 987 4270 accessisse
1016 4203 1055 4270 ad
1078 4203 1349 4272 confederationem
1373 4201 1502 4280 666616

263 4319 377 4402 illaque
398 4323 542 4404 perpetuo
564 4339 778 4404 permansuros
796 4339 871 4398 esse,
894 4321 925 4384 et
940 4317 1097 4385 decadem
1113 4340 1145 4385 re
1161 4337 1255 4386 soraee
1278 4319 1399 4386 11666661
1420 4317 1501 4384 fidem

264 4451 319 4514 pro
342 4433 429 4498 nobis
453 4434 520 4515 ipsa
542 4435 687 4517 preberet.
734 4431 833 4512 Quam
862 4433 972 4499 federis
1004 4435 1245 4500 coniunctionem
1267 4435 1332 4502 Deo
1362 4433 1502 4501 altissimo
