3128 4908
555 319 600 356 4-
651 311 715 374 233
761 345 806 356 -

72 501 110 566 sui
130 501 224 570 debite
246 501 422 570 adiumenta
445 523 511 569 esse
528 503 610 582 velit,
634 503 664 569 et
680 497 963 571 hortabimur'eam
980 519 1106 588 semper,
1130 508 1162 571 et
1186 524 1306 590 sperare

71 637 98 680 ac
117 619 256 686 ccnfidare
278 637 340 686 non
354 619 546 686 desistemus.
591 619 708 686 Datum
723 621 839 688 Romae
854 622 910 687 etc.
934 620 983 686 die
999 619 1069 687 xvii.
1085 619 1161 686 Maii
1176 619 1306 686 mdrrvi.

70 735 144 800 bunc
164 735 261 801 tertio.

143 967 293 1034 Altcbello
308 968 447 1052 episcope
463 969 593 1034 Polensi.
608 1005 650 1016 -
661 967 829 1035 Constituit
844 988 914 1036 eum
923 971 1065 1037 nuntium
1075 971 1154 1056 apud
1165 971 1306 1054 Venetas,

69 1087 188 1151 rcrcatc
202 1084 321 1150 lbcma
344 1086 438 1151 electu
460 1084 618 1150 lieltrensi.
664 1085 722 1151 Dia
745 1085 814 1152 xxii.
843 1083 907 1150 Mai
930 1085 1060 1152 mdxxri.
1096 1087 1185 1152 Anno
1208 1087 1306 1154 tertio.

143 1318 300 1384 lbancmco
323 1315 544 1384 (iuicciardinc.
562 1356 604 1366 —
620 1317 786 1384 Constituit
808 1337 879 1385 eum
893 1317 1030 1402 pontifex
1050 1320 1306 1386 locumtenentcm

70 1455 144 1500 sirum
159 1434 190 1500 in
205 1435 346 1501 universo
361 1434 504 1500 ecclesiae
520 1435 611 1511 statu,
636 1434 784 1502 mandans
807 1453 924 1518 queque
941 1434 1094 1502 lbidericc
1110 1434 1147 1501 de
1163 1433 1307 1520 Gonaaga

71 1551 221 1617 nannoni
243 1549 389 1616 Mantuae
412 1549 442 1617 S.
458 1551 493 1617 a
517 1551 549 1617 ll.
573 1551 730 1634 capitanea
753 1551 896 1635 generali,
923 1549 1023 1617 Guidc
1047 1551 1084 1618 da
1106 1551 1306 1637 Raugonibus

70 1667 247 1749 gubernatori
268 1666 454 1733 exercituum
474 1666 628 1751 pontilicis
650 1668 682 1732 et
696 1666 809 1734 Jcanni
825 1664 862 1731 de
878 1665 1007 1732 Medicis
1030 1666 1230 1735 ecclesiastici
1251 1686 1304 1752 pe·

71 1783 171 1850 dictus
192 1783 349 1869 capitaneo
364 1782 500 1868 generali
522 1783 578 1849 etc.
601 1784 636 1848 ut
658 1783 685 1848 ei
701 1781 844 1850 obediant
859 1783 914 1848 etc.
946 1782 1004 1849 Die
1020 1781 1058 1848 ri
1074 1781 1163 1848 Junii
1176 1781 1330 1853 muru·

73 1899 147 1965 tnnc
167 1899 263 1966 tertio.

648 2159 720 2226 178.

583 2324 777 2387 cassant

147 2479 317 2549 durissime.
356 2479 467 2566 Aliqua
484 2483 555 2547 suni
572 2499 648 2566 quae
663 2478 751 2548 nobis
766 2479 884 2562 praeter
904 2480 1046 2544 naturam
1061 2480 1200 2546 nostram
1217 2497 1306 2563 prae·

72 2595 161 2681 terqua
175 2601 364 2665 voluntatem
386 2617 456 2664 cum
480 2617 601 2664 summa
623 2596 754 2682 quadam
768 2593 951 2663 necessitate
965 2593 1160 2672 incumbant;
1184 2613 1261 2680 quas
1280 2593 1307 2660 si

73 2715 337 2794 praetermittamus
360 2735 415 2780 nac
437 2711 510 2781 boni
525 2713 677 2797 pontificis
700 2711 807 2791 officie,
831 2730 886 2777 nec
900 2709 1037 2778 iustitiae
1053 2709 1185 2777 laventis
1201 2712 1232 2776 et
1250 2729 1306 2795 pa·

73 2829 234 2896 trutinantis
257 2829 403 2916 principis
426 2829 528 2895 debito
552 2828 726 2895 satisfacere
748 2847 837 2912 posse
860 2825 1024 2892 videamur.
1070 2824 1174 2891 Coacti
1201 2845 1307 2892 sumus

74 2945 137 3012 inire
157 2965 190 3013 ea
212 2946 340 3012 consilia
363 2965 416 3030 per
438 2964 515 3030 quae
535 2945 673 3012 libertati
695 2944 803 3010 Italiae
826 2945 857 3008 et
879 2941 1066 3026 periclitanti
1090 2940 1218 3008 Sanctae
1237 2940 1308 3009 Sedi

73 3063 237 3144 apostelicae
261 3062 411 3148 praesidio
436 3061 542 3140 simus,
572 3062 605 3127 in
628 3061 737 3146 quibus
760 3063 814 3126 tua
837 3059 889 3124 diu
911 3057 976 3125 mm
998 3077 1017 3124 a
1038 3058 1127 3125 nobis
1150 3060 1307 3144 expectata

72 3179 150 3244 abab
171 3179 312 3246 omnibus
335 3180 455 3262 sperata
478 3176 573 3244 animi
602 3178 700 3244 vintru
723 3179 754 3243 et
777 3174 951 3258 moderatio,
982 3174 1102 3242 sicam
1123 3175 1306 3242 medicinam

73 3293 198 3360 adbibere
213 3295 352 3372 valuerit7
367 3314 444 3378 quae
459 3295 490 3360 ct
504 3293 684 3360 facilitatem
701 3313 718 3358 a
734 3293 820 3376 parte
835 3292 887 3357 tua
902 3291 1004 3369 babet,
1019 3293 1050 3357 et
1065 3293 1099 3356 ut
1114 3311 1169 3358 nus
1185 3291 1308 3376 quidem

74 3413 139 3475 recta
158 3411 335 3488 iudicamus,
367 3410 461 3476 etiam
484 3410 624 3494 gloriam,
654 3412 684 3475 et
707 3408 884 3487 utilitatem,
914 3407 1037 3492 magnis
1060 3406 1119 3473 erit
1141 3407 1306 3474 terroribus

73 3525 97 3588 et
116 3527 251 3609 periculis
274 3524 483 3592 christianitas
506 3527 643 3592 liberata.
688 3527 735 3591 De
758 3523 868 3609 quibus
891 3523 1033 3591 omnibus
1058 3523 1219 3591 scribimus
1242 3523 1306 3590 lar·

73 3641 140 3722 gitar
159 3643 195 3709 ad
218 3643 271 3709 dil.
287 3643 317 3708 ii.
333 3642 371 3709 lc.
388 3640 518 3707 cardiem
535 3643 589 3707 etc.
605 3641 822 3707 Baldassarem
838 3641 893 3706 etc.
913 3640 983 3723 (sic)
1002 3641 1036 3705 ut
1059 3659 1128 3705 cum
1151 3643 1233 3705 ser.te
1254 3639 1307 3704 tua

73 3758 190 3824 conferat
218 3777 253 3824 ac
283 3757 493 3824 communicet.
545 3756 744 3824 Obtestamur
773 3775 826 3840 per
854 3755 1023 3822 Dominum
1052 3754 1160 3822 Jesum
1189 3757 1307 3840 patrem

74 3874 158 3939 cmms
185 3873 410 3941 misericordiae
440 3879 544 3939 ser.tela
575 3874 661 3938 tuam
683 3874 719 3937 ut
750 3871 888 3938 animum
911 3871 942 3938 et
971 3889 1075 3936 curam
1104 3869 1247 3937 adbibere
1269 3869 1308 3936 ad

74 3985 174 4056 dictum
193 3991 333 4076 legatum
347 3988 583 4055 auscultandum
605 3989 636 4054 et
651 3986 806 4072 previdere
821 3986 959 4071 publicae
976 3986 1069 4052 saluti
1083 4005 1188 4070 pacem
1204 3985 1307 4070 aequis

75 4103 279 4173 auditionibus
303 4103 513 4189 amplectende
536 4105 567 4171 et
589 4103 779 4170 continendis
810 4121 933 4170 sucrum
956 4100 1175 4186 cupiditatibus
1199 4120 1234 4166 ac
1256 4100 1306 4166 in-

75 4217 147 4286 iuriis
167 4221 245 4289 intra
268 4221 374 4306 legum
397 4221 428 4286 et
450 4219 613 4305 aequitatis
644 4219 719 4285 fines
743 4218 826 4297 velit,
855 4219 891 4283 ut
913 4217 1038 4301 reliquis
1062 4215 1098 4282 de
1122 4215 1186 4281 rita
1217 4217 1248 4282 et
1270 4215 1307 4281 dc

77 4337 188 4403 iurtmn
210 4337 274 4404 suis
297 4336 399 4403 vivere
415 4337 527 4402 secans
550 4336 648 4402 liceat.
695 4332 782 4415 Quod
804 4333 863 4400 erit
885 4351 946 4399 non
960 4332 1060 4398 binae
1084 4333 1182 4399 sclam
1205 4333 1235 4397 et
1254 4347 1306 4396 sa·

75 4449 188 4532 bebbae
208 4455 279 4521 tuae
301 4453 413 4520 melius
435 4453 534 4520 marite
557 4451 793 4527 accomodatum,
818 4449 870 4516 aad
886 4447 1103 4532 tranquillitati
1125 4446 1219 4514 etiam
1241 4447 1306 4512 tam
