3128 4908
763 259 1010 330 ...234...⁴

258 467 357 526 rerum
374 449 495 526 tuarum
518 471 611 539 qaum
624 452 860 532 dumbmitotis
883 455 978 527 tutius
1000 457 1102 546 magis
1118 461 1361 544 mnssptabcum.
1389 457 1491 526 Datum

260 565 371 639 immae
394 568 448 639 ebo.
473 568 553 650 opud
575 569 630 636 ete.
676 569 733 638 Die
754 590 821 640 xxv.
845 571 932 641 Juuii
955 572 1084 645 murra
1130 577 1219 646 Anno
1242 573 1340 645 tertio.

475 684 570 752 Foris.
616 687 737 752 Caesari
761 725 803 734 —
826 705 935 754 causae
959 691 1116 772 captonrm
1140 709 1303 756 ermonem.

837 841 930 848 ὴ-

346 915 498 1000 Sophene
521 919 552 986 ot
580 916 627 986 Jo.
651 919 809 1004 Baptistae
839 921 875 988 do
903 919 1072 993 comitibus
1102 921 1272 994 domicellis
1293 923 1437 990 Romame
1462 927 1492 986 ut

256 1032 380 1103 eredunt
394 1033 425 1109 et
440 1033 583 1103 obediant
596 1034 744 1103 manino
763 1035 906 1108 Miebeeii
929 1037 1139 1110 commissario
1155 1040 1187 1104 eb
1201 1038 1386 1124 Hieronymo
1399 1037 1493 1106 osca-

256 1146 339 1213 fredo
361 1149 557 1233 gubernatori
579 1151 750 1233 provinciae
766 1150 956 1237 Campaniae.
1002 1155 1118 1220 Romae
1139 1153 1178 1219 xi
1201 1153 1280 1220 Julii
1303 1153 1428 1220 mdxxri

346 1263 468 1336 Caesari
489 1265 620 1338 maone
644 1265 787 1364 beistano
815 1271 850 1336 ut
871 1269 973 1341 ereas
996 1271 1027 1336 et
1050 1268 1171 1340 obediet
1192 1269 1342 1340 omnam
1365 1268 1495 1336 Miebmli

256 1380 465 1452 commissario
488 1382 523 1448 ut
545 1401 644 1466 supra.
688 1384 804 1450 Datum
827 1386 982 1470 utsupra

850 1690 920 1755 179.

257 1814 265 1834 ⁸
345 1848 473 1915 Dilectis
490 1849 561 1914 tiliis
577 1848 753 1914 hominibus
776 1851 807 1915 et
822 1849 1035 1915 communitati
1058 1851 1155 1915 berrae
1177 1851 1299 1916 nostrae
1316 1849 1495 1927 verbenis

256 2003 299 2012 «
322 1965 435 2030 Dilecti
457 1965 516 2030 filii
539 1965 670 2030 salutem
694 1967 747 2031 eto.
794 1963 1029 2032 Commissimus
1052 1964 1163 2031 diiecto
1185 1964 1249 2031 filio
1265 1963 1394 2032 Camillo
1416 1965 1494 2030 saie-

256 2083 327 2147 tauo
349 2081 510 2148 domicello
532 2083 644 2159 nostro,
675 2082 711 2146 ut
731 2100 785 2166 pro
809 2081 907 2176 salute
930 2083 962 2147 et
983 2100 1055 2146 cura
1078 2082 1179 2147 vestra
1206 2100 1366 2168 rerumque
1388 2083 1495 2147 sesba-

256 2217 324 2262 rum
347 2197 426 2262 istuc
450 2217 481 2262 se
496 2196 653 2275 conferret,
677 2197 762 2263 cuius
778 2197 942 2262 subventum
965 2199 1088 2281 propter
1105 2197 1170 2262 eius
1193 2196 1340 2263 virtutem
1362 2195 1495 2263 ebidem

257 2313 342 2377 vobis
365 2312 473 2378 utilem
489 2313 519 2378 et
534 2312 727 2378 commodum
750 2312 887 2378 futurum
901 2329 962 2379 non
976 2311 1163 2379 dubitamus.
1210 2310 1309 2392 Quare
1324 2313 1495 2379 mundamus

256 2427 342 2507 uobis
365 2428 396 2500 et
416 2427 577 2521 uuicuique
599 2429 745 2506 rasitare,
769 2430 804 2494 ub
818 2428 851 2499 in
866 2428 920 2503 iuo
935 2427 1098 2506 honorifice
1120 2427 1303 2521 excipiendo,
1325 2447 1361 2498 ac
1382 2427 1495 2498 siassi-

255 2543 370 2632 stepdo
392 2545 590 2630 parendoque.
614 2544 763 2628 fidemque
778 2543 810 2610 in
826 2544 967 2617 omnibus
990 2544 1128 2614 bubcudo
1144 2547 1279 2616 sanaem
1293 2545 1495 2622 strenuitatem

255 2662 287 2728 et
302 2659 481 2735 fidelitatem
496 2680 589 2749 quam
605 2662 797 2748 expectamus
812 2661 951 2749 prompto
966 2659 1142 2732 exhibeatis.
1189 2661 1305 2727 Datum
1321 2661 1434 2737 Bomos
1448 2661 1495 2728 cta

256 2776 305 2846 oio
328 2776 365 2846 iv.
388 2775 467 2844 sulii
489 2776 619 2846 mdxxv'a
664 2777 753 2852 enno
777 2775 875 2850 baso.

344 3008 423 3094 lengi
446 3007 711 3104 christianissimo.
736 3047 778 3054 -
799 3008 968 3094 Responsio
991 3008 1030 3074 ed
1052 3007 1117 3078 cias
1140 3008 1260 3077 litteras
1283 3029 1339 3096 pro
1361 3008 1494 3080 Maximi·

255 3125 338 3200 liano
361 3122 473 3194 scorta
496 3123 528 3194 in
551 3123 736 3204 cardinalem
759 3123 886 3195 creando
908 3124 947 3192 xi
970 3123 1048 3193 Julii
1070 3123 1200 3196 murnai.

344 3355 459 3434 Eidem
475 3394 518 3402 -
534 3357 703 3442 Responsio
725 3357 764 3424 ad
786 3357 851 3424 cius
865 3356 985 3425 litteras
1007 3375 1061 3440 pro
1076 3356 1190 3442 bmguo
1206 3355 1392 3426 cancellario
1407 3359 1495 3424 orun-

255 3473 319 3544 ciae
336 3471 572 3562 (archiepiscopo
588 3471 777 3558 Teuoncnse)
794 3473 827 3540 in
842 3472 1024 3542 cardinalem
1044 3471 1172 3542 creando
1188 3472 1293 3542 eooen
1309 3473 1358 3543 die
1372 3477 1404 3542 et
1416 3490 1496 3546 enno.

849 3734 920 3800 iao.

728 3899 815 3959 Duci
839 3899 1034 3958 Ferrariae.

344 4055 462 4126 Dilecto
486 4053 539 4122 fili.
561 4054 744 4130 audivimas
767 4053 930 4140 diligenter
945 4055 976 4121 cb
990 4052 1100 4131 libenti
1114 4052 1216 4130 auimo
1232 4052 1284 4120 dil.
1301 4055 1330 4120 fi.
1348 4053 1495 4131 Maibum

256 4171 410 4245 ibsessum
432 4170 534 4248 nobb·
559 4170 629 4241 tuse
658 4169 866 4248 consiliarium
889 4187 924 4238 eo
953 4168 1041 4236 nobis
1071 4169 1250 4242 referentem
1279 4187 1359 4256 quas
1378 4189 1399 4238 a
1419 4167 1496 4236 teiu

256 4285 413 4362 mandetis
421 4285 565 4364 babebat
581 4285 630 4351 oui
644 4303 715 4352 cum
728 4285 815 4370 largo
823 4285 1146 4362 communicaverimus
1160 4287 1297 4365 mentem
1310 4284 1495 4374 semumque

257 4401 396 4472 nostrum
418 4400 508 4485 obque
529 4400 557 4466 is
581 4399 748 4490 scripburus
771 4399 810 4468 ad
831 4402 863 4470 te
885 4400 1004 4491 copiose
1029 4400 1084 4482 sit,
1106 4402 1139 4474 eb
1160 4419 1196 4470 ex
1218 4401 1412 4492 sermonibus
1434 4417 1496 4474 cam
