3132 4910
620 248 775 318 -393
822 287 865 301 -

109 431 194 498 resto
218 452 274 499 con
288 454 436 502 racem.ue
458 439 566 508 humil.
590 442 639 508 010
662 463 718 510 000
740 445 950 534 bonagratia,
974 452 1029 520 che
1052 473 1081 521 n
1098 457 1205 525 aldio
1228 461 1365 528 conservi

108 566 124 612 e
147 551 305 634 prosperi;
327 552 363 619 de
386 555 532 622 Piacenza
555 558 598 624 ali
621 559 684 628 xiii.
708 560 745 629 de
767 583 865 650 zugno
890 565 1031 636 mdrxrii.

202 666 241 733 D.
264 687 290 734 r.
314 669 359 736 111.
383 671 563 740 aderet1¹1⁰
587 694 642 742 ser.

945 763 1078 834 Roberto
1101 768 1274 839 Buschetto.

701 938 776 1006 287.

497 1101 661 1164 Clemens
683 1104 756 1166 VII.
779 1104 911 1168 (100010
933 1109 974 1169 V.

106 1205 285 1289 (10001οΧ.
301 1211 333 1274 et
348 1207 597 1278 01000011011Π.
613 1215 750 1280 minutae
764 1216 903 1282 brevium
919 1238 993 1289 arm.
1006 1221 1115 1291 xilv.
1131 1224 1170 1292 N.
1181 1229 1210 1296 8.
1226 1228 1277 1298 101
1293 1231 1359 1318 63).

598 1328 670 1416 (001
685 1330 745 1397 100
763 1330 871 1418 1528).

194 1484 286 1551 Pium
309 1487 493 1554 arbitramur
515 1491 546 1556 01
567 1510 736 1576 congruum
759 1493 791 1559 01
812 1494 924 1562 rationi
947 1515 982 1563 00
1004 1497 1159 1569 honestati
1174 1506 1261 1574 valde
1284 1530 1358 1578 eon-

102 1601 230 1668 veniens
253 1603 465 1671 testimonium
487 1607 644 1692 perhibere
666 1608 806 1674 veritatis
829 1609 862 1675 in
885 1613 969 1678 omni
988 1633 1020 1681 re
1044 1635 1096 1682 000
1118 1624 1241 1706 negotio
1264 1627 1357 1694 etiam

102 1717 140 1782 01
158 1717 270 1785 Sedem
281 1722 485 1804 ‚apostolicam
500 1723 711 1808 pertinentem,
735 1724 784 1790 cui
805 1745 860 1792 nos
884 1727 988 1794 divina
1002 1729 1181 1817 disponente
1196 1740 1359 1811 clementia

101 1835 321 1918 praesidemus,
351 1841 492 1921 quamvis
518 1840 682 1906 secundam
714 1841 873 1908 canonicas
906 1847 1077 1915 sanctiones
1099 1871 1191 1920 cansa
1213 1859 1357 1930 ecclesiae

100 1949 318 2018 lateranensis
334 1956 454 2021 nostrae
470 1975 522 2022 seu
545 1953 832 2040 sedisapostolicae
853 1961 977 2026 nonest
995 1971 1118 2050 propria
1139 1973 1244 2038 nostra
1266 1995 1357 2044 causa

101 2067 189 2134 motu
213 2070 333 2153 proprio
349 2072 381 2137 et
402 2091 437 2138 ex
460 2073 541 2138 certa
563 2073 668 2140 nostra
691 2074 819 2140 scientia
842 2093 877 2140 ac
899 2077 1060 2160 potestatis
1076 2083 1265 2166 plenitudine
1287 2094 1354 2177 ple-

99 2182 233 2249 nissime
248 2203 266 2249 a
284 2188 421 2269 personis
437 2188 600 2274 fidedignis
623 2189 788 2270 informati,
810 2191 993 2259 attestamur
1008 2197 1038 2261 et
1053 2198 1087 2264 in
1101 2202 1192 2270 uerbo
1215 2210 1356 2278 veritatis

100 2297 195 2364 fidem
219 2299 347 2369 facimus
363 2303 556 2388 Alphonsum
579 2304 748 2390 praefatum
756 2303 780 2392 1)
797 2325 858 2372 non
875 2307 973 2376 solum
990 2314 1094 2380 contra
1110 2337 1165 2384 nos
1183 2321 1234 2387 sed
1251 2328 1357 2394 contre

98 2414 223 2482 Julium
245 2417 285 2483 II.
315 2420 346 2484 et
374 2417 504 2486 Leonem
528 2420 565 2486 11.
590 2421 743 2488 Romanos
773 2423 931 2505 pontifices
960 2427 1204 2508 praedecessores
1233 2443 1354 2510 nostros

99 2533 224 2617 ingrato
247 2535 309 2601 imo
333 2537 404 2603 vero'
417 2537 542 2604 inimico
566 2539 668 2603 animo
685 2557 804 2622 semper
826 2537 929 2620 101000,
952 2545 1042 2625 prout
1064 2545 1098 2611 10
1113 2548 1228 2618 litteris
1251 2555 1351 2626 dicto·

98 2667 167 2714 rum
198 2650 443 2733 predecessorum
472 2655 646 2720 nostrorum
675 2654 795 2738 plenius
818 2656 998 2737 continetur,
1029 2661 1120 2746 atque
1151 2667 1351 2756 110000110-

97 2763 165 2830 tum
189 2767 222 2830 et
244 2769 379 2833 censuris
402 2769 601 2853 illaqueatum
625 2769 728 2835 101000.
773 2769 814 2835 ut
836 2769 909 2835 licet
930 2791 984 2856 per
1006 2773 1104 2844 1011010
1135 2786 1352 2859 recordationis

95 2877 227 2945 Adriani
250 2882 303 2950 VI.
327 2885 420 2950 etiem
440 2885 677 2969 praedecessoris
699 2885 797 2950 nostri
820 2885 940 2952 litteras
963 2889 997 2955 in
1019 2890 1116 2960 forma
1138 2899 1241 2968 brevis
1263 2924 1349 2973 asse·

95 2997 181 3062 returr
204 2997 371 3080 absolutus,
402 3003 503 3086 magis
530 3001 720 3068 convincitur
748 3001 814 3066 eius
845 3003 1034 3072 contumatia
1063 3011 1230 3083 infidelitas
1259 3022 1350 3107 atque

94 3111 286 3198 ingratitudo
309 3116 342 3181 in
359 3115 466 3185 Sedem
490 3120 698 3203 apostolicam,
722 3135 791 3182 cum
814 3115 934 3184 litteras
952 3123 1122 3204 praedictas
1145 3132 1348 3206 absolutionis

94 3248 190 3314 usque
220 3231 294 3298 adeo
326 3235 542 3319 contempserit
573 3236 605 3301 01
636 3233 848 3300 conventiones
881 3252 951 3300 cum
984 3238 1090 3306 eodem
1120 3249 1347 3328 praedecessore

93 3345 198 3412 nostro
222 3365 411 3433 nequaquam
428 3350 647 3426 observaverit3
671 3368 705 3415 er
729 3346 839 3432 quibus
863 3349 889 3414 01
912 3353 997 3417 iuxta
1012 3357 1133 3442 regulas
1156 3363 1232 3431 iuris
1252 3374 1347 3438 semol

92 3461 193 3527 malus
216 3467 352 3547 presumi
376 3466 485 3532 debeat
507 3486 626 3551 semper
647 3466 757 3545 malus,
785 3464 858 3529 licet
880 3464 969 3533 facile
992 3473 1138 3542 conticere
1161 3498 1252 3563 quem
1275 3488 1344 3553 ani·

91 3594 177 3642 mum
200 3577 343 3647 habuerit
374 3602 492 3667 semper
521 3582 675 3668 praefatus
697 3579 874 3664 alphonsus
903 3582 937 3647 10
958 3584 1132 3658 Romanum
1161 3599 1345 3685 pontificem,

90 3692 123 3756 01
138 3691 249 3760 Sedem
266 3699 463 3781 apostolicam
479 3701 614 3785 atquem
636 3697 726 3763 hodie
742 3697 953 3781 praesumatur
968 3699 1092 3783 hebere;
1115 3713 1344 3803 postremoque

89 3809 322 3892 ingratitudine,
345 3814 527 3882 infidelitate
542 3817 573 3882 01
595 3815 700 3899 aperta
722 3811 887 3878 inimicitia
910 3814 943 3878 in
966 3835 1022 3883 nos
1037 3821 1068 3886 et
1085 3819 1193 3895 Sedem
1216 3837 1339 3916 aposto·

89 3923 180 3990 licam
206 3946 280 3991 usus
303 3929 395 3994 fuerit
411 3930 497 3998 docet
519 3932 668 3997 adventus
690 3929 777 3994 ducis
793 3927 939 3994 Borbouii
962 3933 1063 4016 palam
1080 3939 1224 4010 iactantis
1241 3952 1342 4019 venire

88 4037 126 4102 ad
149 4039 354 4124 diripiendam
376 4047 483 4113 urbem
513 4049 544 4113 et
575 4044 787 4113 carcerandam
815 4061 974 4126 personam
1005 4053 1195 4125 nostramet
1218 4069 1338 4136 sanctae

87 4154 244 4224 Romanae
258 4160 412 4228 Ecclesiae
428 4163 598 4230 cardinales
620 4164 711 4248 prout
725 4161 809 4238 feeit,
831 4159 928 4225 inscie
943 4161 1006 4231 imo
1022 4185 1091 4234 vero
1110 4175 1338 4250 0001010100-

181 4405 198 4470 ¹)
216 4408 310 4462 saliat
328 4413 470 4475 dlplronruur
490 4417 607 4465 Ferrarius
625 4417 713 4465 ducem.
