3152 4902
540 299 785 367 -187-

629 559 701 626 143.

478 723 657 798 Episcopo
680 721 854 784 soanensi.

131 877 316 945 Venerabilis
339 878 440 944 stater.
486 875 562 943 Cum
585 876 809 943 fraternitatem
838 877 932 954 tuam,
955 875 1052 959 ipsius
1074 873 1234 958 prudentia
1256 875 1287 940 et

58 995 214 1079 integritate
243 994 440 1078 doctrinaque
468 993 599 1073 adducti,
623 993 661 1058 ad
683 992 850 1076 prinoipem
874 991 1112 1057 dioscoritarum
1141 989 1287 1055 nuncium

56 1113 176 1176 uestmm
198 1131 251 1194 per
274 1110 352 1176 alias
381 1111 502 1175 nostras
524 1109 558 1174 in
580 1109 678 1174 torma
701 1107 801 1175 brevis
830 1107 951 1174 litteras
980 1105 1234 1173 destinaverimus
1257 1105 1288 1170 et

56 1225 293 1309 deputaverimus,
316 1225 472 1309 multaque
487 1223 545 1290 tibi
568 1225 658 1290 verbo
672 1223 912 1309 praeceperimus
935 1223 974 1289 ad
996 1223 1028 1290 id
1044 1221 1201 1307 negocium
1219 1239 1287 1304 per·

56 1340 175 1421 tinentia
197 1342 284 1407 euius
307 1361 342 1407 ex
365 1339 516 1406 sententia
538 1339 716 1406 conficiendi
738 1358 860 1406 omnem
883 1359 969 1424 spem
983 1339 1120 1405 nostram
1143 1357 1213 1403 cum
1236 1355 1288 1402 oa-

56 1455 161 1522 rissimo
175 1457 208 1523 in
222 1456 345 1522 Christe
363 1456 428 1522 filie
443 1457 546 1522 nostro
562 1454 760 1542 Sigismundo
774 1453 918 1523 Polcniee
940 1473 1011 1540 rege
1025 1453 1142 1520 illustri
1156 1451 1288 1537 positam

56 1571 194 1651 habemus,
216 1571 295 1638 illud
317 1570 376 1638 tibi
397 1571 492 1637 etiam
513 1572 605 1656 atque
626 1571 721 1638 etiam
750 1569 995 1656 praecipiendum
1017 1589 1052 1636 ae
1081 1567 1289 1636 mandandum

56 1685 214 1772 inscriptis
244 1707 361 1772 qnoque
383 1687 534 1765 duximus,
563 1687 599 1753 ut
620 1687 731 1772 prefati
754 1687 897 1754 Poloniae
927 1685 1065 1772 regiain
1094 1685 1236 1751 omnibus
1259 1685 1290 1750 et

56 1821 98 1884 per
117 1803 214 1870 emnia
229 1804 316 1868 utare
337 1801 474 1882 censitio,
496 1803 672 1888 negociique
687 1803 781 1869 totius
804 1803 898 1868 finem
920 1803 951 1868 et
965 1801 1128 1869 consilinm
1150 1799 1189 1866 ad
1205 1799 1289 1865 illins

56 1918 196 1984 ommodn
217 1921 250 1985 et
271 1919 460 1984 veluntatem
482 1919 606 1985 omnino
628 1917 759 2003 dirigasr
780 1917 858 2004 quod
881 1921 961 1985 eote
984 1915 1163 2002 diligentim
1186 1933 1291 1980 curare

58 2033 270 2120 volumusque
294 2053 399 2100 sumus
423 2033 498 2100 certi
519 2033 622 2119 ipsum
645 2054 762 2119 quoque
777 2053 880 2119 regem
903 2053 957 2118 pro
981 2053 1036 2100 sna
1058 2029 1290 2116 incomparabili

56 2147 185 2215 inDeum
207 2149 448 2233 omnipotentem
469 2151 501 2216 et
523 2149 723 2216 christianam
745 2150 925 2235 religionem
939 2151 1096 2217 voluntate
1119 2167 1155 2214 aa
1176 2145 1290 2231 pietate

56 2263 87 2327 ad
100 2265 195 2331 emnia
209 2267 292 2332 recte
314 2267 346 2332 et
360 2265 488 2332 honesta
503 2265 625 2332 landem
649 2286 681 2333 se
696 2268 728 2332 et
741 2266 910 2350 benignum
933 2264 1131 2332 redditurum.
1154 2261 1290 2348 Quaque

56 2379 191 2460 praeterea
213 2400 265 2447 rer
288 2380 450 2448 modernus
473 2379 594 2448 Suetiae
615 2382 748 2448 multum
777 2381 874 2466 ipsius
897 2382 979 2467 regis
1002 2379 1194 2467 Sigismundi
1216 2397 1289 2445 con·

56 2494 112 2560 silio
133 2497 362 2582 auctoritatique
385 2497 509 2577 tribuat,
538 2499 630 2582 atque
652 2497 680 2564 is
703 2498 840 2564 emnium
864 2515 1001 2564 sermone
1024 2495 1195 2581 predicetur
1217 2493 1289 2560 Sodi

59 2613 223 2693 apostolieae
245 2613 345 2678 hostis
368 2631 435 2679 esse
457 2614 488 2678 et
509 2611 668 2693 iuimicus,
697 2613 899 2680 obtestnberis
923 2611 1156 2698 Sigismundum
1185 2628 1289 2696 regem

58 2729 154 2794 nestris
167 2729 268 2795 ambis
290 2729 326 2795 ut
349 2749 437 2794 snam
452 2728 544 2794 fidem
559 2729 763 2814 virtutemque
786 2729 861 2796 velit
882 2727 1080 2813 interponere,
1104 2745 1163 2812 quo
1177 2727 1211 2792 in
1225 2725 1289 2792 illis

59 2839 161 2909 Suedas
182 2844 320 2928 partibus
343 2843 405 2910 iata
427 2843 602 2911 Lutherana
622 2844 719 2929 impin
741 2844 876 2911 haeresis
892 2843 1119 2928 comprimatur,
1142 2861 1289 2928 verusque

58 2955 116 3022 idei
135 2960 298 3027 catholicae
321 2960 422 3026 cuns
444 2961 645 3026 conservetur.
691 2961 731 3026 m
753 2961 898 3045 quoniam
920 2958 1046 3026 ecclesia
1062 2957 1218 3025 Searensis
1241 2957 1290 3022 cui

58 3069 88 3135 de
105 3075 153 3139 tua
174 3094 302 3160 persona
323 3094 377 3159 per
391 3074 429 3140 fe.
444 3093 502 3141 me.
525 3073 696 3142 adrianum
717 3075 958 3159 predecessorem
973 3076 1113 3140 nostrum
1135 3074 1195 3140 fuit
1216 3093 1288 3158 pro-

59 3185 142 3253 uuum
162 3188 195 3256 in
217 3209 311 3274 regno
333 3188 455 3257 Statim
476 3192 533 3270 est
562 3190 649 3257 euius
671 3192 705 3257 tu
728 3210 885 3276 nmquam
907 3189 1132 3276 possessionem
1154 3189 1289 3255 obtinere

60 3301 175 3383 potuisfi,
197 3304 279 3371 dices
301 3305 356 3371 isti
370 3305 436 3390 regi
459 3321 554 3372 ser.mo
576 3325 632 3373 nea
655 3305 852 3374 mandaturos
875 3307 910 3373 nt
931 3307 980 3373 ius
995 3309 1083 3372 tuum
1105 3305 1138 3372 in
1155 3303 1290 3390 gratiam

60 3415 141 3498 ipsius
162 3417 280 3487 Saetiae
304 3419 386 3506 regis
408 3422 566 3488 renuncies
589 3422 678 3488 modo
701 3422 754 3489 ille
777 3421 904 3508 diguam
926 3424 958 3489 et
979 3421 1161 3489 catholicam
1183 3438 1288 3506 perso-

61 3549 118 3597 nam
137 3533 183 3600 illi
204 3536 348 3602 eeclesiae
370 3535 474 3602 iubeat
495 3538 626 3622 praefici.
672 3537 810 3623 Denique
832 3537 866 3604 in
888 3538 1030 3604 omnibus
1052 3557 1175 3622 prorsus
1198 3536 1289 3602 rebus

61 3664 123 3726 quae
141 3650 177 3716 ad
197 3651 374 3718 huiusmodi
396 3652 521 3736 negocia
543 3653 747 3737 pertinebunt,
761 3669 830 3719 'non
854 3653 1003 3720 minorem
1025 3655 1055 3718 te
1077 3653 1218 3718 volumus
1234 3669 1287 3717 vo-

61 3757 169 3830 luntatis
197 3770 286 3832 serrei
314 3765 506 3851 sigismundi
540 3769 622 3852 regis
652 3786 743 3852 quam
773 3769 959 3834 nostraemet
987 3769 1098 3834 habers
1128 3767 1286 3834 rationem.

63 3873 157 3946 Datum
177 3881 292 3948 Romae
313 3883 368 3948 etc.
392 3882 441 3949 die
462 3881 555 3949 xviiii
578 3881 762 3950 Nouembris
785 3883 903 3950 mdm.
948 3883 1037 3950 Anno
1061 3881 1199 3950 secundo.

499 4165 598 4251 Regi
620 4165 828 4251 Ungariae.

136 4304 201 4372 Pro
223 4305 393 4393 Georgia
415 4308 525 4393 Lego.
571 4306 713 4374 laudans
728 4307 863 4392 pontifex
885 4307 1051 4394 ingenium,
1075 4325 1288 4392 summamque

67 4411 214 4488 litterarum
241 4421 383 4507 peritiam
407 4421 532 4509 Georgii
553 4423 631 4508 logi
653 4421 767 4504 Silesii
796 4424 970 4510 gratulatur
991 4423 1058 4508 regi
1086 4423 1166 4509 quod
1194 4423 1289 4498 talem
