<?xml version="1.0" encoding="UTF-8"?>
<!DOCTYPE html PUBLIC "-//W3C//DTD XHTML 1.0 Transitional//EN"
    "http://www.w3.org/TR/xhtml1/DTD/xhtml1-transitional.dtd">
<html xmlns="http://www.w3.org/1999/xhtml" xml:lang="en" lang="en">
 <head>
  <title>
</title>
<meta http-equiv="Content-Type" content="text/html;charset=utf-8" />
  <meta name='ocr-system' content='tesseract 3.04.00' />
  <meta name='ocr-capabilities' content='ocr_page ocr_carea ocr_par ocr_line ocrx_word'/>
</head>
<body>
  <div class='ocr_page' id='page_1' title='image "./monumentasaecul00sadogoog_0465.png"; bbox 0 0 3258 4904; ppageno 0'>
   <div class='ocr_carea' id='block_1_1' title="bbox 881 1127 992 1194">
    <p class='ocr_par' dir='ltr' id='par_1_1' title="bbox 881 1127 992 1194">
     <span class='ocr_line' id='line_1_1' title="bbox 881 1127 992 1194; baseline -0.018 0"><span class='ocrx_word' id='word_1_1' title='bbox 881 1127 956 1194; x_wconf 81' lang='grc'><strong>289.</strong></span> <span class='ocrx_word' id='word_1_2' title='bbox 988 1170 992 1178; x_wconf 85' lang='lat'><em>-</em></span> 
     </span>
    </p>
   </div>
   <div class='ocr_carea' id='block_1_2' title="bbox 502 1304 1331 1403">
    <p class='ocr_par' dir='ltr' id='par_1_2' title="bbox 502 1304 1331 1403">
     <span class='ocr_line' id='line_1_2' title="bbox 502 1304 1331 1403; baseline 0.001 -3"><span class='ocrx_word' id='word_1_3' title='bbox 502 1304 768 1403; x_wconf 77' lang='lat' dir='ltr'>Diversa</span> <span class='ocrx_word' id='word_1_4' title='bbox 798 1308 948 1402; x_wconf 79' lang='lat' dir='ltr'>[Uer</span> <span class='ocrx_word' id='word_1_5' title='bbox 976 1306 1331 1403; x_wconf 73' lang='lat' dir='ltr'>inueniris</span> 
     </span>
    </p>
   </div>
   <div class='ocr_carea' id='block_1_3' title="bbox 291 1459 1514 1645">
    <p class='ocr_par' dir='ltr' id='par_1_3' title="bbox 291 1459 1514 1645">
     <span class='ocr_line' id='line_1_3' title="bbox 291 1459 1514 1530; baseline -0.004 -2"><span class='ocrx_word' id='word_1_6' title='bbox 291 1461 604 1528; x_wconf 77' lang='lat' dir='ltr'><strong>REVERENDAM</strong></span> <span class='ocrx_word' id='word_1_7' title='bbox 627 1461 842 1529; x_wconf 76' lang='lat' dir='ltr'>OAMERAM</span> <span class='ocrx_word' id='word_1_8' title='bbox 864 1461 1187 1530; x_wconf 77' lang='lat' dir='ltr'>APosronlosM</span> <span class='ocrx_word' id='word_1_9' title='bbox 1209 1462 1261 1528; x_wconf 89' lang='lat' dir='ltr'>IN</span> <span class='ocrx_word' id='word_1_10' title='bbox 1284 1459 1514 1529; x_wconf 76' lang='lat' dir='ltr'>Puovlsrrl</span> 
     </span>
     <span class='ocr_line' id='line_1_4' title="bbox 738 1577 1092 1645; baseline 0.003 -1"><span class='ocrx_word' id='word_1_11' title='bbox 738 1577 1092 1645; x_wconf 79' lang='lat' dir='ltr'><strong>ROMANDIOLAE.</strong></span> 
     </span>
    </p>
   </div>
   <div class='ocr_carea' id='block_1_4' title="bbox 634 1721 1203 1912">
    <p class='ocr_par' dir='ltr' id='par_1_4' title="bbox 634 1721 1203 1912">
     <span class='ocr_line' id='line_1_5' title="bbox 634 1721 1203 1784; baseline 0.004 -14"><span class='ocrx_word' id='word_1_12' title='bbox 634 1721 763 1784; x_wconf 74' lang='lat' dir='ltr'>(raonis.</span> <span class='ocrx_word' id='word_1_13' title='bbox 782 1721 864 1772; x_wconf 76' lang='lat' dir='ltr'>snos</span> <span class='ocrx_word' id='word_1_14' title='bbox 884 1722 975 1772; x_wconf 77' lang='lat' dir='ltr'>virro.</span> <span class='ocrx_word' id='word_1_15' title='bbox 993 1724 1090 1773; x_wconf 81' lang='lat' dir='ltr'>xxxv.</span> <span class='ocrx_word' id='word_1_16' title='bbox 1107 1725 1132 1774; x_wconf 85' lang='lat' dir='ltr'>n.</span> <span class='ocrx_word' id='word_1_17' title='bbox 1152 1723 1203 1780; x_wconf 80' lang='lat' dir='ltr'>cor.</span> 
     </span>
     <span class='ocr_line' id='line_1_6' title="bbox 862 1849 977 1912; baseline 0 0"><span class='ocrx_word' id='word_1_18' title='bbox 862 1849 977 1912; x_wconf 82' lang='lat'><strong>1530.</strong></span> 
     </span>
    </p>
   </div>
   <div class='ocr_carea' id='block_1_5' title="bbox 285 2146 1516 3501">
    <p class='ocr_par' dir='ltr' id='par_1_5' title="bbox 285 2146 1516 3501">
     <span class='ocr_line' id='line_1_7' title="bbox 378 2146 1516 2233; baseline -0.005 -19"><span class='ocrx_word' id='word_1_19' title='bbox 378 2149 415 2215; x_wconf 91' lang='lat' dir='ltr'>ln</span> <span class='ocrx_word' id='word_1_20' title='bbox 439 2146 554 2214; x_wconf 80' lang='lat' dir='ltr'>Christi</span> <span class='ocrx_word' id='word_1_21' title='bbox 585 2147 708 2215; x_wconf 91' lang='lat' dir='ltr'>nomine</span> <span class='ocrx_word' id='word_1_22' title='bbox 737 2167 826 2214; x_wconf 90' lang='lat' dir='ltr'>amen</span> <span class='ocrx_word' id='word_1_23' title='bbox 848 2150 904 2217; x_wconf 88' lang='lat' dir='ltr'>etc.</span> <span class='ocrx_word' id='word_1_24' title='bbox 950 2149 1016 2233; x_wconf 80' lang='lat' dir='ltr'>Ego</span> <span class='ocrx_word' id='word_1_25' title='bbox 1043 2147 1177 2215; x_wconf 88' lang='lat' dir='ltr'>Joannes</span> <span class='ocrx_word' id='word_1_26' title='bbox 1206 2147 1340 2216; x_wconf 86' lang='lat' dir='ltr'>Jacebus</span> <span class='ocrx_word' id='word_1_27' title='bbox 1369 2147 1516 2214; x_wconf 71' lang='lat' dir='ltr'>Bonnense</span> 
     </span>
     <span class='ocr_line' id='line_1_8' title="bbox 289 2260 1515 2348; baseline -0.006 -20"><span class='ocrx_word' id='word_1_28' title='bbox 289 2265 321 2331; x_wconf 81' lang='lat' dir='ltr'>F.</span> <span class='ocrx_word' id='word_1_29' title='bbox 337 2283 365 2348; x_wconf 91' lang='lat' dir='ltr'>q.</span> <span class='ocrx_word' id='word_1_30' title='bbox 381 2265 498 2348; x_wconf 77' lang='lat' dir='ltr'>egregii</span> <span class='ocrx_word' id='word_1_31' title='bbox 521 2263 579 2329; x_wconf 86' lang='lat' dir='ltr'>viri</span> <span class='ocrx_word' id='word_1_32' title='bbox 601 2263 718 2330; x_wconf 81' lang='lat' dir='ltr'>domini</span> <span class='ocrx_word' id='word_1_33' title='bbox 739 2264 868 2329; x_wconf 89' lang='lat' dir='ltr'>Joannis</span> <span class='ocrx_word' id='word_1_34' title='bbox 892 2264 1046 2330; x_wconf 75' lang='lat' dir='ltr'>Francisci</span> <span class='ocrx_word' id='word_1_35' title='bbox 1062 2265 1232 2332; x_wconf 86' lang='lat' dir='ltr'>Benincase</span> <span class='ocrx_word' id='word_1_36' title='bbox 1255 2263 1332 2330; x_wconf 82' lang='lat' dir='ltr'>ciris</span> <span class='ocrx_word' id='word_1_37' title='bbox 1355 2265 1386 2329; x_wconf 93' lang='lat' dir='ltr'>et</span> <span class='ocrx_word' id='word_1_38' title='bbox 1399 2260 1515 2329; x_wconf 70' lang='lat' dir='ltr'>nonnus</span> 
     </span>
     <span class='ocr_line' id='line_1_9' title="bbox 288 2377 1516 2464; baseline -0.006 -20"><span class='ocrx_word' id='word_1_39' title='bbox 288 2381 427 2462; x_wconf 90' lang='lat' dir='ltr'>publicus</span> <span class='ocrx_word' id='word_1_40' title='bbox 449 2380 642 2446; x_wconf 83' lang='lat' dir='ltr'>Ravennates</span> <span class='ocrx_word' id='word_1_41' title='bbox 665 2378 823 2445; x_wconf 87' lang='lat' dir='ltr'>indubiam</span> <span class='ocrx_word' id='word_1_42' title='bbox 847 2379 939 2445; x_wconf 85' lang='lat' dir='ltr'>fidem</span> <span class='ocrx_word' id='word_1_43' title='bbox 962 2378 1047 2458; x_wconf 81' lang='lat' dir='ltr'>iecio,</span> <span class='ocrx_word' id='word_1_44' title='bbox 1077 2379 1226 2464; x_wconf 86' lang='lat' dir='ltr'>verboque</span> <span class='ocrx_word' id='word_1_45' title='bbox 1248 2379 1387 2445; x_wconf 60' lang='lat' dir='ltr'>veritate</span> <span class='ocrx_word' id='word_1_46' title='bbox 1408 2377 1516 2443; x_wconf 70' lang='grc'><strong>11111111</strong></span> 
     </span>
     <span class='ocr_line' id='line_1_10' title="bbox 287 2490 1516 2579; baseline -0.007 -20"><span class='ocrx_word' id='word_1_47' title='bbox 287 2496 428 2562; x_wconf 88' lang='lat' dir='ltr'>omuibus</span> <span class='ocrx_word' id='word_1_48' title='bbox 444 2496 500 2561; x_wconf 88' lang='lat' dir='ltr'>has</span> <span class='ocrx_word' id='word_1_49' title='bbox 515 2496 670 2578; x_wconf 70' lang='lat' dir='ltr'><strong>presentes</strong></span> <span class='ocrx_word' id='word_1_50' title='bbox 685 2494 818 2572; x_wconf 79' lang='lat' dir='ltr'>lecturis,</span> <span class='ocrx_word' id='word_1_51' title='bbox 834 2496 865 2561; x_wconf 89' lang='grc'>11</span> <span class='ocrx_word' id='word_1_52' title='bbox 880 2494 1007 2560; x_wconf 79' lang='lat' dir='ltr'>visuris:</span> <span class='ocrx_word' id='word_1_53' title='bbox 1023 2490 1161 2575; x_wconf 73' lang='lat' dir='ltr'>Qualiter</span> <span class='ocrx_word' id='word_1_54' title='bbox 1176 2496 1325 2579; x_wconf 89' lang='lat' dir='ltr'>reperitur</span> <span class='ocrx_word' id='word_1_55' title='bbox 1339 2495 1372 2560; x_wconf 93' lang='lat' dir='ltr'>in</span> <span class='ocrx_word' id='word_1_56' title='bbox 1387 2491 1516 2576; x_wconf 73' lang='lat' dir='ltr'><strong>rugitibus</strong></span> 
     </span>
     <span class='ocr_line' id='line_1_11' title="bbox 287 2607 1516 2695; baseline -0.007 -18"><span class='ocrx_word' id='word_1_57' title='bbox 287 2611 433 2694; x_wconf 77' lang='lat' dir='ltr'>praedicti</span> <span class='ocrx_word' id='word_1_58' title='bbox 455 2609 608 2695; x_wconf 86' lang='lat' dir='ltr'>quondam</span> <span class='ocrx_word' id='word_1_59' title='bbox 630 2609 747 2676; x_wconf 90' lang='lat' dir='ltr'>domini</span> <span class='ocrx_word' id='word_1_60' title='bbox 768 2608 898 2676; x_wconf 89' lang='lat' dir='ltr'>Joannis</span> <span class='ocrx_word' id='word_1_61' title='bbox 920 2610 1074 2676; x_wconf 78' lang='lat' dir='ltr'>Francisci</span> <span class='ocrx_word' id='word_1_62' title='bbox 1105 2609 1216 2676; x_wconf 87' lang='lat' dir='ltr'>notarii</span> <span class='ocrx_word' id='word_1_63' title='bbox 1238 2609 1354 2693; x_wconf 83' lang='lat' dir='ltr'>publici</span> <span class='ocrx_word' id='word_1_64' title='bbox 1375 2607 1516 2675; x_wconf 75' lang='grc'><strong>1111111111</strong></span> 
     </span>
     <span class='ocr_line' id='line_1_12' title="bbox 287 2723 1514 2809; baseline -0.004 -19"><span class='ocrx_word' id='word_1_65' title='bbox 287 2725 383 2808; x_wconf 88' lang='lat' dir='ltr'>patris</span> <span class='ocrx_word' id='word_1_66' title='bbox 406 2725 467 2791; x_wconf 91' lang='lat' dir='ltr'>mei</span> <span class='ocrx_word' id='word_1_67' title='bbox 490 2723 703 2808; x_wconf 84' lang='lat' dir='ltr'>infrascriptos</span> <span class='ocrx_word' id='word_1_68' title='bbox 725 2743 883 2809; x_wconf 79' lang='lat' dir='ltr'>processus</span> <span class='ocrx_word' id='word_1_69' title='bbox 905 2724 938 2791; x_wconf 92' lang='lat' dir='ltr'>in</span> <span class='ocrx_word' id='word_1_70' title='bbox 961 2743 1053 2791; x_wconf 87' lang='lat' dir='ltr'>causa</span> <span class='ocrx_word' id='word_1_71' title='bbox 1074 2725 1138 2791; x_wconf 82' lang='lat' dir='ltr'>iem</span> <span class='ocrx_word' id='word_1_72' title='bbox 1153 2726 1289 2792; x_wconf 83' lang='lat' dir='ltr'>vertente</span> <span class='ocrx_word' id='word_1_73' title='bbox 1310 2726 1390 2791; x_wconf 90' lang='lat' dir='ltr'>inter</span> <span class='ocrx_word' id='word_1_74' title='bbox 1411 2723 1454 2788; x_wconf 87' lang='lat' dir='ltr'>iel</span> <span class='ocrx_word' id='word_1_75' title='bbox 1468 2737 1514 2785; x_wconf 83' lang='lat' dir='ltr'>rec</span> 
     </span>
     <span class='ocr_line' id='line_1_13' title="bbox 287 2837 1515 2925; baseline -0.005 -20"><span class='ocrx_word' id='word_1_76' title='bbox 287 2861 310 2906; x_wconf 80' lang='lat' dir='ltr'>s.</span> <span class='ocrx_word' id='word_1_77' title='bbox 327 2839 355 2905; x_wconf 85' lang='lat' dir='ltr'>d.</span> <span class='ocrx_word' id='word_1_78' title='bbox 371 2860 400 2906; x_wconf 92' lang='lat' dir='ltr'>n.</span> <span class='ocrx_word' id='word_1_79' title='bbox 416 2839 443 2906; x_wconf 84' lang='lat' dir='ltr'>rl</span> <span class='ocrx_word' id='word_1_80' title='bbox 460 2838 649 2916; x_wconf 72' lang='lat' dir='ltr'>Clementem</span> <span class='ocrx_word' id='word_1_81' title='bbox 671 2857 783 2925; x_wconf 86' lang='lat' dir='ltr'>papam</span> <span class='ocrx_word' id='word_1_82' title='bbox 806 2840 971 2925; x_wconf 89' lang='lat' dir='ltr'>septimum</span> <span class='ocrx_word' id='word_1_83' title='bbox 993 2843 1025 2907; x_wconf 91' lang='lat' dir='ltr'>et</span> <span class='ocrx_word' id='word_1_84' title='bbox 1043 2838 1187 2907; x_wconf 84' lang='lat' dir='ltr'>Sanctam</span> <span class='ocrx_word' id='word_1_85' title='bbox 1204 2838 1313 2907; x_wconf 83' lang='lat' dir='ltr'>Sedem</span> <span class='ocrx_word' id='word_1_86' title='bbox 1336 2837 1515 2925; x_wconf 85' lang='lat' dir='ltr'>apostolicam</span> 
     </span>
     <span class='ocr_line' id='line_1_14' title="bbox 286 2953 1515 3039; baseline -0.005 -19"><span class='ocrx_word' id='word_1_87' title='bbox 286 2957 428 3039; x_wconf 78' lang='lat' dir='ltr'>agentem</span> <span class='ocrx_word' id='word_1_88' title='bbox 457 2974 493 3021; x_wconf 83' lang='lat' dir='ltr'>er</span> <span class='ocrx_word' id='word_1_89' title='bbox 522 2973 591 3034; x_wconf 82' lang='lat' dir='ltr'>una,</span> <span class='ocrx_word' id='word_1_90' title='bbox 620 2955 651 3021; x_wconf 89' lang='lat' dir='ltr'>ot</span> <span class='ocrx_word' id='word_1_91' title='bbox 672 2955 717 3021; x_wconf 94' lang='lat' dir='ltr'>ill.</span> <span class='ocrx_word' id='word_1_92' title='bbox 739 2955 813 3022; x_wconf 86' lang='lat' dir='ltr'>tunc</span> <span class='ocrx_word' id='word_1_93' title='bbox 842 2953 870 3021; x_wconf 90' lang='lat' dir='ltr'>d.</span> <span class='ocrx_word' id='word_1_94' title='bbox 893 2956 921 3021; x_wconf 89' lang='lat' dir='ltr'>d.</span> <span class='ocrx_word' id='word_1_95' title='bbox 945 2954 1052 3022; x_wconf 86' lang='lat' dir='ltr'>ducem</span> <span class='ocrx_word' id='word_1_96' title='bbox 1079 2956 1234 3022; x_wconf 78' lang='lat' dir='ltr'>Ferrariae</span> <span class='ocrx_word' id='word_1_97' title='bbox 1263 2975 1297 3022; x_wconf 93' lang='lat' dir='ltr'>se</span> <span class='ocrx_word' id='word_1_98' title='bbox 1326 2953 1515 3022; x_wconf 81' lang='lat' dir='ltr'>defendentem</span> 
     </span>
     <span class='ocr_line' id='line_1_15' title="bbox 286 3064 1515 3155; baseline -0.004 -20"><span class='ocrx_word' id='word_1_99' title='bbox 286 3069 424 3153; x_wconf 88' lang='lat' dir='ltr'>partibus</span> <span class='ocrx_word' id='word_1_100' title='bbox 446 3087 481 3136; x_wconf 86' lang='lat' dir='ltr'>er</span> <span class='ocrx_word' id='word_1_101' title='bbox 503 3071 600 3136; x_wconf 82' lang='lat' dir='ltr'>altere</span> <span class='ocrx_word' id='word_1_102' title='bbox 622 3089 723 3137; x_wconf 86' lang='lat' dir='ltr'>coram</span> <span class='ocrx_word' id='word_1_103' title='bbox 752 3089 890 3138; x_wconf 88' lang='lat' dir='ltr'>cessarea</span> <span class='ocrx_word' id='word_1_104' title='bbox 913 3071 1075 3138; x_wconf 83' lang='lat' dir='ltr'>maiestate</span> <span class='ocrx_word' id='word_1_105' title='bbox 1096 3069 1198 3137; x_wconf 81' lang='lat' dir='ltr'>Caroli</span> <span class='ocrx_word' id='word_1_106' title='bbox 1219 3070 1321 3155; x_wconf 83' lang='lat' dir='ltr'>quinti</span> <span class='ocrx_word' id='word_1_107' title='bbox 1343 3064 1515 3155; x_wconf 85' lang='lat' dir='ltr'>imperatoris</span> 
     </span>
     <span class='ocr_line' id='line_1_16' title="bbox 285 3185 1515 3270; baseline -0.001 -20"><span class='ocrx_word' id='word_1_108' title='bbox 285 3189 431 3270; x_wconf 87' lang='lat' dir='ltr'>tanquam</span> <span class='ocrx_word' id='word_1_109' title='bbox 453 3185 562 3252; x_wconf 76' lang='lat' dir='ltr'>arbitri</span> <span class='ocrx_word' id='word_1_110' title='bbox 591 3185 781 3253; x_wconf 86' lang='lat' dir='ltr'>arbitratoris</span> <span class='ocrx_word' id='word_1_111' title='bbox 804 3187 836 3253; x_wconf 91' lang='grc'>11</span> <span class='ocrx_word' id='word_1_112' title='bbox 858 3185 1030 3252; x_wconf 88' lang='lat' dir='ltr'>amicabilis</span> <span class='ocrx_word' id='word_1_113' title='bbox 1060 3185 1270 3270; x_wconf 82' lang='lat' dir='ltr'>compositoris</span> <span class='ocrx_word' id='word_1_114' title='bbox 1299 3204 1407 3252; x_wconf 84' lang='grc'><strong>111111</strong></span> <span class='ocrx_word' id='word_1_115' title='bbox 1427 3185 1454 3250; x_wconf 88' lang='grc'>11</span> <span class='ocrx_word' id='word_1_116' title='bbox 1472 3197 1515 3264; x_wconf 84' lang='lat' dir='ltr'>por</span> 
     </span>
     <span class='ocr_line' id='line_1_17' title="bbox 285 3293 1515 3386; baseline -0.006 -20"><span class='ocrx_word' id='word_1_117' title='bbox 285 3300 412 3366; x_wconf 85' lang='lat' dir='ltr'>condem</span> <span class='ocrx_word' id='word_1_118' title='bbox 434 3318 605 3367; x_wconf 81' lang='lat' dir='ltr'>caesaream</span> <span class='ocrx_word' id='word_1_119' title='bbox 627 3301 821 3367; x_wconf 82' lang='lat' dir='ltr'>maiestatem</span> <span class='ocrx_word' id='word_1_120' title='bbox 844 3320 930 3368; x_wconf 89' lang='lat' dir='ltr'>suam</span> <span class='ocrx_word' id='word_1_121' title='bbox 954 3301 1119 3368; x_wconf 87' lang='lat' dir='ltr'>commisse</span> <span class='ocrx_word' id='word_1_122' title='bbox 1140 3319 1222 3386; x_wconf 82' lang='lat' dir='ltr'>mag.</span> <span class='ocrx_word' id='word_1_123' title='bbox 1245 3300 1369 3367; x_wconf 86' lang='lat' dir='ltr'>domino</span> <span class='ocrx_word' id='word_1_124' title='bbox 1390 3293 1515 3384; x_wconf 76' lang='lat' dir='ltr'>potestati</span> 
     </span>
     <span class='ocr_line' id='line_1_18' title="bbox 285 3413 1515 3501; baseline -0.003 -21"><span class='ocrx_word' id='word_1_125' title='bbox 285 3433 366 3500; x_wconf 86' lang='lat' dir='ltr'>mag.</span> <span class='ocrx_word' id='word_1_126' title='bbox 389 3415 525 3481; x_wconf 87' lang='lat' dir='ltr'>civitatis</span> <span class='ocrx_word' id='word_1_127' title='bbox 547 3415 717 3484; x_wconf 83' lang='lat' dir='ltr'>Ravennae.</span> <span class='ocrx_word' id='word_1_128' title='bbox 756 3413 849 3481; x_wconf 76' lang='grc'><strong>(11111</strong></span> <span class='ocrx_word' id='word_1_129' title='bbox 872 3414 996 3501; x_wconf 85' lang='lat' dir='ltr'>quidem</span> <span class='ocrx_word' id='word_1_130' title='bbox 1018 3435 1186 3501; x_wconf 74' lang='lat' dir='ltr'>processus,</span> <span class='ocrx_word' id='word_1_131' title='bbox 1208 3414 1306 3500; x_wconf 86' lang='lat' dir='ltr'>dequo</span> <span class='ocrx_word' id='word_1_132' title='bbox 1330 3415 1389 3482; x_wconf 84' lang='lat' dir='ltr'>luit</span> <span class='ocrx_word' id='word_1_133' title='bbox 1409 3413 1515 3498; x_wconf 80' lang='lat' dir='ltr'>rogatu</span> 
     </span>
    </p>
   </div>
   <div class='ocr_carea' id='block_1_6' title="bbox 151 3530 1282 3615">
    <p class='ocr_par' dir='ltr' id='par_1_6' title="bbox 151 3530 1282 3615">
     <span class='ocr_line' id='line_1_19' title="bbox 151 3530 1282 3615; baseline 0.001 -20"><span class='ocrx_word' id='word_1_134' title='bbox 151 3604 153 3608; x_wconf 17' lang='lat'><strong><em>¹</em></strong></span> <span class='ocrx_word' id='word_1_135' title='bbox 285 3530 384 3596; x_wconf 85' lang='lat' dir='ltr'>dictus</span> <span class='ocrx_word' id='word_1_136' title='bbox 407 3550 435 3615; x_wconf 92' lang='lat' dir='ltr'>q.</span> <span class='ocrx_word' id='word_1_137' title='bbox 459 3531 545 3614; x_wconf 83' lang='lat' dir='ltr'>pater</span> <span class='ocrx_word' id='word_1_138' title='bbox 567 3549 653 3597; x_wconf 89' lang='lat' dir='ltr'>meus</span> <span class='ocrx_word' id='word_1_139' title='bbox 677 3532 763 3599; x_wconf 85' lang='lat' dir='ltr'>tenor</span> <span class='ocrx_word' id='word_1_140' title='bbox 785 3530 859 3597; x_wconf 85' lang='lat' dir='ltr'>talis</span> <span class='ocrx_word' id='word_1_141' title='bbox 881 3531 929 3597; x_wconf 89' lang='lat' dir='ltr'>est</span> <span class='ocrx_word' id='word_1_142' title='bbox 951 3533 986 3597; x_wconf 93' lang='lat' dir='ltr'>ut</span> <span class='ocrx_word' id='word_1_143' title='bbox 1008 3531 1103 3608; x_wconf 79' lang='lat' dir='ltr'>inira3</span> <span class='ocrx_word' id='word_1_144' title='bbox 1125 3530 1282 3598; x_wconf 83' lang='lat' dir='ltr'>videlicet:</span> 
     </span>
    </p>
   </div>
   <div class='ocr_carea' id='block_1_7' title="bbox 282 3642 1514 4539">
    <p class='ocr_par' dir='ltr' id='par_1_7' title="bbox 282 3642 1514 4539">
     <span class='ocr_line' id='line_1_20' title="bbox 373 3642 1513 3731; baseline -0.001 -21"><span class='ocrx_word' id='word_1_145' title='bbox 373 3646 410 3711; x_wconf 93' lang='lat' dir='ltr'>In</span> <span class='ocrx_word' id='word_1_146' title='bbox 433 3642 548 3712; x_wconf 84' lang='lat' dir='ltr'>Christi</span> <span class='ocrx_word' id='word_1_147' title='bbox 570 3645 691 3712; x_wconf 91' lang='lat' dir='ltr'>nomine</span> <span class='ocrx_word' id='word_1_148' title='bbox 714 3665 810 3713; x_wconf 85' lang='lat' dir='ltr'>amen</span> <span class='ocrx_word' id='word_1_149' title='bbox 842 3645 925 3712; x_wconf 87' lang='lat' dir='ltr'>Haec</span> <span class='ocrx_word' id='word_1_150' title='bbox 947 3647 1020 3712; x_wconf 89' lang='lat' dir='ltr'>sunt</span> <span class='ocrx_word' id='word_1_151' title='bbox 1034 3647 1181 3714; x_wconf 88' lang='lat' dir='ltr'>nonnulla</span> <span class='ocrx_word' id='word_1_152' title='bbox 1202 3648 1271 3713; x_wconf 85' lang='lat' dir='ltr'>acte</span> <span class='ocrx_word' id='word_1_153' title='bbox 1286 3646 1421 3731; x_wconf 83' lang='lat' dir='ltr'>exempla</span> <span class='ocrx_word' id='word_1_154' title='bbox 1441 3647 1513 3708; x_wconf 82' lang='lat' dir='ltr'>tan-</span> 
     </span>
     <span class='ocr_line' id='line_1_21' title="bbox 284 3747 1514 3856; baseline -0.001 -30"><span class='ocrx_word' id='word_1_155' title='bbox 284 3763 408 3844; x_wconf 85' lang='lat' dir='ltr'>sumpta</span> <span class='ocrx_word' id='word_1_156' title='bbox 430 3761 642 3856; x_wconf 77' lang='lat' dir='ltr'>attestationes</span> <span class='ocrx_word' id='word_1_157' title='bbox 665 3763 696 3827; x_wconf 91' lang='lat' dir='ltr'>et</span> <span class='ocrx_word' id='word_1_158' title='bbox 718 3761 939 3846; x_wconf 82' lang='lat' dir='ltr'>recognitiones</span> <span class='ocrx_word' id='word_1_159' title='bbox 968 3761 1074 3842; x_wconf 87' lang='lat' dir='ltr'>fectae,</span> <span class='ocrx_word' id='word_1_160' title='bbox 1103 3763 1135 3828; x_wconf 89' lang='lat' dir='ltr'>et</span> <span class='ocrx_word' id='word_1_161' title='bbox 1164 3761 1245 3827; x_wconf 83' lang='lat' dir='ltr'>iacta</span> <span class='ocrx_word' id='word_1_162' title='bbox 1267 3780 1371 3828; x_wconf 89' lang='lat' dir='ltr'>coram</span> <span class='ocrx_word' id='word_1_163' title='bbox 1392 3747 1465 3843; x_wconf 80' lang='lat' dir='ltr'>mag.</span> <span class='ocrx_word' id='word_1_164' title='bbox 1485 3772 1514 3818; x_wconf 74' lang='lat' dir='ltr'>ao</span> 
     </span>
     <span class='ocr_line' id='line_1_22' title="bbox 283 3872 1512 3962; baseline -0.001 -22"><span class='ocrx_word' id='word_1_165' title='bbox 283 3874 454 3941; x_wconf 85' lang='lat' dir='ltr'>clarissimo</span> <span class='ocrx_word' id='word_1_166' title='bbox 476 3874 553 3942; x_wconf 89' lang='lat' dir='ltr'>iuris</span> <span class='ocrx_word' id='word_1_167' title='bbox 567 3877 705 3942; x_wconf 87' lang='lat' dir='ltr'>consulto</span> <span class='ocrx_word' id='word_1_168' title='bbox 724 3875 846 3942; x_wconf 86' lang='lat' dir='ltr'>domino</span> <span class='ocrx_word' id='word_1_169' title='bbox 862 3875 1044 3942; x_wconf 82' lang='lat' dir='ltr'>Baltassure</span> <span class='ocrx_word' id='word_1_170' title='bbox 1059 3875 1096 3942; x_wconf 88' lang='lat' dir='ltr'>de</span> <span class='ocrx_word' id='word_1_171' title='bbox 1112 3877 1279 3944; x_wconf 87' lang='lat' dir='ltr'>Bertarolis</span> <span class='ocrx_word' id='word_1_172' title='bbox 1295 3876 1419 3962; x_wconf 86' lang='lat' dir='ltr'>patricio</span> <span class='ocrx_word' id='word_1_173' title='bbox 1437 3872 1512 3939; x_wconf 79' lang='lat' dir='ltr'>oee-</span> 
     </span>
     <span class='ocr_line' id='line_1_23' title="bbox 283 3990 1514 4090; baseline -0.006 -33"><span class='ocrx_word' id='word_1_174' title='bbox 283 3993 409 4058; x_wconf 84' lang='lat' dir='ltr'>nelense</span> <span class='ocrx_word' id='word_1_175' title='bbox 430 3990 566 4058; x_wconf 84' lang='lat' dir='ltr'>civitatis</span> <span class='ocrx_word' id='word_1_176' title='bbox 588 3991 750 4060; x_wconf 80' lang='lat' dir='ltr'>Bavemae</span> <span class='ocrx_word' id='word_1_177' title='bbox 772 3993 924 4090; x_wconf 84' lang='lat' dir='ltr'>potestate</span> <span class='ocrx_word' id='word_1_178' title='bbox 946 3990 1139 4076; x_wconf 81' lang='lat' dir='ltr'>dignissimo,</span> <span class='ocrx_word' id='word_1_179' title='bbox 1168 3995 1199 4058; x_wconf 93' lang='lat' dir='ltr'>et</span> <span class='ocrx_word' id='word_1_180' title='bbox 1221 3992 1255 4058; x_wconf 90' lang='lat' dir='ltr'>in</span> <span class='ocrx_word' id='word_1_181' title='bbox 1277 3991 1410 4078; x_wconf 92' lang='lat' dir='ltr'>presenti</span> <span class='ocrx_word' id='word_1_182' title='bbox 1437 4003 1514 4055; x_wconf 84' lang='grc'><strong>11111</strong></span> 
     </span>
     <span class='ocr_line' id='line_1_24' title="bbox 283 4099 1513 4193; baseline -0.005 -21"><span class='ocrx_word' id='word_1_183' title='bbox 283 4107 437 4172; x_wconf 72' lang='grc'><strong>1111111111</strong></span> <span class='ocrx_word' id='word_1_184' title='bbox 459 4109 491 4172; x_wconf 88' lang='grc'>11</span> <span class='ocrx_word' id='word_1_185' title='bbox 512 4106 610 4173; x_wconf 84' lang='lat' dir='ltr'>iudice</span> <span class='ocrx_word' id='word_1_186' title='bbox 633 4126 667 4174; x_wconf 91' lang='lat' dir='ltr'>ac</span> <span class='ocrx_word' id='word_1_187' title='bbox 690 4127 799 4175; x_wconf 89' lang='lat' dir='ltr'>comm.</span> <span class='ocrx_word' id='word_1_188' title='bbox 822 4107 965 4193; x_wconf 88' lang='lat' dir='ltr'>deputato</span> <span class='ocrx_word' id='word_1_189' title='bbox 989 4127 1007 4172; x_wconf 88' lang='grc'>1</span> <span class='ocrx_word' id='word_1_190' title='bbox 1025 4108 1234 4174; x_wconf 85' lang='lat' dir='ltr'>sacratissima</span> <span class='ocrx_word' id='word_1_191' title='bbox 1255 4108 1415 4176; x_wconf 77' lang='lat' dir='ltr'>maiestate</span> <span class='ocrx_word' id='word_1_192' title='bbox 1429 4099 1513 4170; x_wconf 84' lang='lat' dir='ltr'>Caroli</span> 
     </span>
     <span class='ocr_line' id='line_1_25' title="bbox 282 4220 1513 4307; baseline -0.005 -21"><span class='ocrx_word' id='word_1_193' title='bbox 282 4221 382 4306; x_wconf 90' lang='lat' dir='ltr'>quinti</span> <span class='ocrx_word' id='word_1_194' title='bbox 411 4222 535 4307; x_wconf 84' lang='lat' dir='ltr'>augusti</span> <span class='ocrx_word' id='word_1_195' title='bbox 564 4222 668 4288; x_wconf 73' lang='lat' dir='ltr'>diune</span> <span class='ocrx_word' id='word_1_196' title='bbox 697 4224 817 4294; x_wconf 84' lang='lat' dir='ltr'>favente</span> <span class='ocrx_word' id='word_1_197' title='bbox 848 4223 1011 4290; x_wconf 89' lang='lat' dir='ltr'>clementia</span> <span class='ocrx_word' id='word_1_198' title='bbox 1040 4224 1247 4290; x_wconf 86' lang='lat' dir='ltr'>Romanorum</span> <span class='ocrx_word' id='word_1_199' title='bbox 1278 4220 1462 4307; x_wconf 86' lang='lat' dir='ltr'>imperatoris</span> <span class='ocrx_word' id='word_1_200' title='bbox 1484 4234 1513 4280; x_wconf 88' lang='lat' dir='ltr'>ec</span> 
     </span>
     <span class='ocr_line' id='line_1_26' title="bbox 283 4335 1512 4424; baseline 0.002 -23"><span class='ocrx_word' id='word_1_201' title='bbox 283 4336 474 4416; x_wconf 80' lang='lat' dir='ltr'>Germaniae,</span> <span class='ocrx_word' id='word_1_202' title='bbox 495 4337 723 4420; x_wconf 84' lang='lat' dir='ltr'>Hispaniarum,</span> <span class='ocrx_word' id='word_1_203' title='bbox 747 4339 904 4424; x_wconf 85' lang='lat' dir='ltr'>utriusque</span> <span class='ocrx_word' id='word_1_204' title='bbox 919 4338 1049 4420; x_wconf 72' lang='lat' dir='ltr'>Siciliae,</span> <span class='ocrx_word' id='word_1_205' title='bbox 1067 4339 1262 4406; x_wconf 87' lang='lat' dir='ltr'>Hierusalem</span> <span class='ocrx_word' id='word_1_206' title='bbox 1278 4341 1344 4417; x_wconf 81' lang='lat' dir='ltr'>ete,</span> <span class='ocrx_word' id='word_1_207' title='bbox 1365 4335 1448 4422; x_wconf 81' lang='lat' dir='ltr'>regis,</span> <span class='ocrx_word' id='word_1_208' title='bbox 1468 4350 1512 4397; x_wconf 72' lang='lat' dir='ltr'>ar·</span> 
     </span>
     <span class='ocr_line' id='line_1_27' title="bbox 283 4445 1512 4539; baseline 0 -23"><span class='ocrx_word' id='word_1_209' title='bbox 283 4449 419 4516; x_wconf 86' lang='lat' dir='ltr'>chiducis</span> <span class='ocrx_word' id='word_1_210' title='bbox 442 4450 592 4532; x_wconf 73' lang='lat' dir='ltr'>lustriae,</span> <span class='ocrx_word' id='word_1_211' title='bbox 614 4455 645 4519; x_wconf 89' lang='lat' dir='ltr'>et</span> <span class='ocrx_word' id='word_1_212' title='bbox 660 4455 749 4539; x_wconf 91' lang='lat' dir='ltr'>prout</span> <span class='ocrx_word' id='word_1_213' title='bbox 768 4454 805 4520; x_wconf 85' lang='lat' dir='ltr'>de</span> <span class='ocrx_word' id='word_1_214' title='bbox 828 4455 892 4522; x_wconf 89' lang='lat' dir='ltr'>eius</span> <span class='ocrx_word' id='word_1_215' title='bbox 916 4454 1097 4522; x_wconf 83' lang='lat' dir='ltr'>auctoritate</span> <span class='ocrx_word' id='word_1_216' title='bbox 1118 4455 1213 4520; x_wconf 87' lang='lat' dir='ltr'>letius</span> <span class='ocrx_word' id='word_1_217' title='bbox 1236 4453 1357 4520; x_wconf 87' lang='lat' dir='ltr'>constat</span> <span class='ocrx_word' id='word_1_218' title='bbox 1377 4471 1410 4519; x_wconf 87' lang='lat' dir='ltr'>er</span> <span class='ocrx_word' id='word_1_219' title='bbox 1428 4445 1512 4514; x_wconf 76' lang='lat' dir='ltr'>reru</span> 
     </span>
    </p>
   </div>
   <div class='ocr_carea' id='block_1_8' title="bbox 0 0 1634 4904">
    <p class='ocr_par' dir='ltr' id='par_1_8' title="bbox 0 0 1634 4904">
     <span class='ocr_line' id='line_1_28' title="bbox 0 0 1634 4904; baseline 0 0"><span class='ocrx_word' id='word_1_220' title='bbox 0 0 1634 4904; x_wconf 95' lang='lat' dir='ltr'> </span> 
     </span>
    </p>
   </div>
  </div>
 </body>
</html>
