3128 4908
747 284 991 350 -224-

240 495 424 562 ceperamus,
439 476 561 544 litterae
575 476 670 543 etiam
685 478 757 542 tuae
771 476 894 544 uberius
903 477 991 543 nobis
1008 475 1228 561 significarunt,
1244 496 1320 560 quas
1329 476 1476 542 habuimus

241 611 333 677 supra
354 611 448 677 quam
469 591 531 658 dici
544 592 644 676 possit
665 592 869 676 gratissimas.
914 592 1037 662 Etenim
1060 592 1188 677 sipoois
1210 593 1259 659 vel
1283 593 1402 660 nomine
1421 591 1477 676 ipso

240 710 321 776 nihil
342 727 409 775 esse
430 708 533 792 potest
547 707 632 774 omni
653 709 789 791 tempore
804 707 932 788 dulcius,
955 709 987 773 et
1009 708 1037 774 si
1051 727 1110 792 pax
1132 709 1254 775 anobis
1276 727 1331 792 pro
1346 707 1479 793 pastorali

239 825 339 892 officio
361 825 465 890 nostro
488 841 608 890 nummo
636 822 737 890 studio
766 841 886 908 semper
915 823 1094 904 desiderata,
1124 827 1292 908 procurata,
1322 823 1478 908 efflagimta

240 942 351 1009 extitit.
396 937 477 1021 Quid
498 940 550 1005 his
570 939 760 1024 temporibus
790 939 975 1006 christianae
1004 940 1187 1024 reipublicae
1210 940 1332 1007 moeris
1354 943 1385 1006 et
1404 941 1478 1004 cala·
1560 1021 1561 1028 ἵ

240 1057 372 1137 mitosis,
394 1057 428 1124 in
442 1058 528 1122 tanto
551 1055 689 1122 hostium
702 1055 870 1120 laruarum
892 1055 1020 1140 imperio
1042 1057 1129 1124 tanto
1151 1055 1273 1122 abillis
1295 1055 1433 1140 periculo,
1453 1056 1480 1120 iu

239 1173 337 1239 tantis
359 1171 535 1240 domesticis
564 1171 596 1237 et
617 1171 774 1238 intestinis
803 1171 1039 1238 ohrmhanorum
1069 1171 1312 1239 dissensionibus
1333 1170 1435 1257 gaudii
1454 1173 1480 1236 et

240 1287 456 1373 grabrlmionis
479 1286 584 1352 aliene
614 1286 701 1354 nobis
724 1289 790 1352 tam
812 1289 981 1372 opportuna
1002 1305 1060 1372 pax
1090 1287 1202 1354 debet?
1230 1284 1316 1368 Quae
1338 1287 1416 1373 quod
1436 1305 1478 1352 se·

240 1404 381 1470 renitatie
403 1406 473 1469 tuae
488 1401 694 1468 moderatione
709 1405 740 1468 et
763 1402 914 1486 sapientia
936 1405 984 1468 est
999 1407 1188 1488 comparata
1212 1404 1292 1488 quod
1307 1423 1379 1470 euno
1399 1403 1479 1470 rebus

239 1521 302 1586 huis
326 1518 465 1585 secundis
487 1517 580 1584 fidere
601 1519 634 1584 et
647 1518 707 1584 niti
728 1518 768 1583 ad
790 1518 935 1584 ulteriora
955 1537 1069 1603 posses,
1092 1521 1238 1586 malueris
1256 1521 1370 1598 umen,
1392 1521 1477 1586 iuter·

240 1635 379 1702 veniente
401 1633 560 1700 concordia
582 1633 817 1717 temperantiam
840 1633 937 1700 animi
958 1634 1006 1700 tui
1034 1634 1195 1716 declarare,
1225 1653 1318 1720 quam
1348 1635 1476 1701 oonhnu·

239 1749 328 1818 andis
350 1750 441 1816 bellis
457 1767 543 1832 spem
565 1747 720 1814 inlinitum
734 1749 882 1834 persequi,
905 1751 963 1817 hoo
985 1751 1033 1815 est
1054 1750 1101 1816 fili
1116 1768 1213 1817 car.mo
1228 1750 1309 1836 quod
1330 1751 1369 1816 ad
1386 1749 1477 1835 publi·
1561 1725 1562 1808 l

239 1887 308 1933 cam
330 1868 362 1932 et
383 1865 521 1932 omnium
536 1883 730 1930 communem
753 1865 885 1930 salutem
900 1865 1214 1950 tranquillitatemque
1230 1867 1371 1946 relatum,
1392 1865 1478 1932 multo
1561 1835 1562 1854 χ

239 1983 387 2050 maiorem
408 1981 550 2060 hactum,
573 1979 712 2046 omniurn
740 1979 925 2064 prudentum
946 1981 1067 2061 iudicio,
1090 2001 1183 2066 quam
1197 1983 1352 2068 quaelibet
1372 1983 1478 2047 mnata

238 2098 366 2166 uictoria
380 2097 481 2182 potest
496 2095 610 2173 afferre,
634 2095 750 2180 tibique
773 2096 905 2180 profecto
920 2097 1087 2163 allaturum
1102 2099 1158 2164 est.
1205 2097 1391 2165 Confidimus
1405 2095 1477 2162 enim

238 2213 318 2280 hanc
332 2195 432 2297 ipsam
447 2229 553 2296 pacem
575 2211 633 2278 hoc
647 2211 776 2278 duorum
798 2213 1083 2297 potentissimorum
1096 2215 1477 2298 praestantissimorumque

237 2347 346 2414 regum
368 2326 522 2393 amicitiae
544 2326 705 2393 affinitatis
728 2328 884 2394 vinculum
906 2347 967 2394 nou
990 2329 1089 2396 solum
1104 2330 1284 2414 pacaturum
1307 2330 1479 2398 christianas

238 2463 296 2523 res,
329 2443 382 2510 eod
411 2461 536 2528 gravem
566 2442 660 2508 etiam
688 2444 836 2510 terrorem
858 2443 897 2510 iis
922 2444 975 2528 qui
1004 2463 1084 2510 nunc
1112 2446 1228 2511 terrent
1250 2463 1307 2512 nos
1330 2445 1433 2512 Turdis
1453 2445 1480 2510 et

237 2558 413 2626 infidelibus
436 2558 647 2626 immissurum
671 2577 745 2638 esse,
769 2561 804 2624 ut
826 2559 879 2643 qni
893 2577 974 2626 uuuo
995 2561 1101 2626 nostm
1122 2563 1262 2645 appetere
1279 2563 1432 2640 conantum,
1453 2560 1481 2624 iu

238 2674 360 2742 tuendis
384 2674 448 2740 auis
470 2674 573 2758 potius
596 2674 629 2740 iu
643 2675 800 2758 posterum
821 2673 918 2740 muri
940 2674 1003 2741 siut
1025 2674 1198 2760 diligentes.
1237 2675 1324 2757 Quod
1338 2679 1374 2744 ut
1390 2679 1481 2743 aetate

237 2793 344 2858 uostm
372 2790 475 2858 videre
505 2789 594 2857 uobis
616 2789 715 2868 liceat,
743 2809 816 2856 cura
843 2791 980 2856 vestrum
1010 2791 1168 2876 utriusque
1197 2792 1317 2890 quiite
1339 2791 1481 2860 couimoti
1560 2771 1561 2792 ³

237 2906 313 2973 estis
335 2905 460 2972 rutulis
482 2907 514 2972 et
534 2905 568 2971 in
589 2906 690 2972 Deum
711 2905 836 2989 pietatis
858 2906 971 2990 gloria,
1003 2907 1104 2972 Deum
1125 2906 1229 2991 ipsum
1251 2908 1481 2992 omnipotentem

238 3021 389 3106 supplices
404 3040 570 3106 precemur.
616 3019 672 3086 Curi
687 3021 811 3105 quidem
833 3040 888 3087 nos
904 3021 941 3087 de
964 3022 1021 3088 hoc
1036 3022 1117 3088 felici
1131 3023 1242 3090 nuncio
1263 3024 1382 3108 gratias
1400 3041 1480 3108 agere

240 3138 434 3205 solemnitate
449 3137 571 3221 pubhca
584 3133 794 3213 instituimus3
817 3136 870 3222 qui
884 3155 1070 3222 quamquam
1085 3139 1185 3204 multa
1207 3139 1255 3204 uel
1270 3140 1374 3207 omnia
1389 3137 1480 3224 potius

238 3253 299 3338 ipsi
314 3253 378 3320 Deo
394 3252 567 3332 debeamus,
589 3252 675 3319 nullo
690 3254 794 3319 tamen
809 3252 953 3320 beneficio
967 3271 1024 3320 uos
1039 3255 1141 3339 magis
1156 3254 1278 3320 affectos
1297 3255 1481 3330 arbitramur,

238 3388 331 3455 quam
353 3368 382 3435 ei
396 3367 562 3435 viderimus
585 3370 724 3434 sancum
747 3370 778 3434 et
800 3370 937 3454 optatam
952 3388 1059 3453 pacem
1081 3369 1126 3436 itu
1140 3371 1330 3455 complexam
1345 3369 1480 3438 christio-

237 3505 314 3552 num
334 3502 446 3552 nomen
468 3485 504 3549 ut
524 3483 628 3568 pravis
656 3484 833 3551 haeresibus
856 3503 873 3550 e
896 3483 995 3551 medio
1020 3485 1150 3552 sublatis
1179 3487 1383 3573 periculisque
1404 3505 1480 3553 oom-

236 3599 360 3685 preeeis‚
382 3600 493 3684 ubique
508 3619 579 3666 vera
594 3600 653 3666 Dei
674 3600 750 3666 fides
774 3619 844 3666 vera
858 3599 966 3686 religio
989 3619 1059 3667 eum
1080 3600 1194 3685 pietate
1209 3602 1385 3672 celebretur.
1408 3600 1481 3670 Illud

237 3735 355 3802 quoque
376 3714 592 3800 gratissimum
612 3716 701 3782 nobis
723 3715 791 3793 fuit,
818 3714 900 3800 quod
920 3715 1118 3800 cognovimus
1142 3723 1247 3784 ser.tam
1270 3703 1359 3786 tuam
1379 3736 1482 3786 nomen
1559 3789 1560 3800 χ

237 3833 376 3898 noshum
399 3828 553 3915 imprimis
576 3830 616 3896 ad
637 3849 743 3915 pacem
766 3830 974 3916 adscripsisse,
996 3831 1030 3899 in
1052 3850 1110 3918 quo
1133 3835 1165 3899 et
1183 3833 1347 3918 dignitatis
1368 3837 1481 3902 noemae
1559 3861 1560 3882 1

237 3947 293 4013 aba
315 3948 346 4013 te
368 3945 508 4012 habitam
522 3946 673 4012 rationem
695 3939 899 4031 agnoscimus,
922 3947 1104 4034 egimusque
1117 3949 1243 4033 gadas,
1265 3951 1297 4016 et
1319 3949 1358 4016 de
1379 3951 1480 4017 volun·
1559 3985 1560 4002 ,

236 4063 302 4130 tate
317 4061 477 4147 studioque
498 4062 635 4129 innubis
650 4063 734 4146 pacis
757 4062 964 4131 rectissimum
981 4065 1013 4130 tc
1027 4062 1175 4130 iudicium
1190 4065 1357 4132 asserimus
1371 4065 1482 4133 iecisse

238 4177 318 4263 quod
339 4179 374 4244 ut
396 4179 576 4262 perpetuum
604 4179 719 4244 bonum
740 4179 772 4244 et
794 4178 853 4245 tibi
875 4181 906 4244 eb
927 4179 1016 4246 nobis
1039 4181 1071 4248 et
1093 4179 1277 4248 christianae
1307 4181 1483 4265 reipublicae

240 4290 290 4368 sit,
312 4291 352 4356 ab
381 4290 489 4358 eodem
509 4293 574 4360 Deo
597 4292 682 4360 omni
696 4293 880 4360 vhumilitate
900 4295 1043 4378 petimus
1089 4295 1209 4362 Dahis
1230 4299 1262 4364 et
1283 4296 1355 4364 aliis
1378 4295 1482 4366 scribi

241 4423 310 4468 mus
334 4403 374 4467 ad
395 4403 675 4489 dilinlegatum.
698 4459 705 4474 .
729 4459 736 4474 .
761 4409 951 4476 nuncium.
974 4461 982 4477 .
1005 4461 1013 4477 .
1037 4413 1095 4478 .nt
1116 4409 1141 4476 ii
1163 4415 1330 4480 serarum
1352 4415 1484 4480 nomam
