3152 4902
778 300 824 312 -
870 267 934 332 170
964 301 1023 318 ---

274 456 361 522 nobis
385 458 530 540 gaudium
555 459 591 525 de
615 461 668 525 tua
690 460 841 544 dignitate
864 462 1053 546 susceptum
1077 480 1197 528 omnem
1221 461 1303 526 enim
1326 461 1459 526 honorem
1479 461 1503 524 et

274 593 362 640 omne
378 573 598 642 incrementum
615 577 805 642 auctoritatis
829 579 900 643 tuae
922 577 961 641 ad
976 577 1131 660 publicum
1147 578 1261 642 bonum
1276 577 1436 642 referimus.
1468 576 1503 640 lle

274 707 332 772 quo
354 689 477 773 quidem
493 691 604 758 honore
627 693 679 757 tuo
702 693 734 758 et
755 692 813 758 tibi
827 694 859 758 et
881 711 973 777 reguo
988 692 1042 758 isti
1057 695 1182 776 paterno
1206 692 1307 758 studio
1323 693 1501 777 gratulemur.

275 806 454 874 Domiuium
476 809 574 874 Deum
605 807 808 892 deprecantes,
837 811 872 874 ut
894 810 980 876 tuam
1009 809 1087 874 hanc
1117 808 1238 876 laudem
1268 808 1342 875 velit
1370 808 1502 892 propriam

274 942 340 988 esee
362 924 398 988 ut
420 925 450 989 te
474 924 600 990 consilia
630 925 698 990 aeta
721 926 752 990 et
782 924 981 1008 cogitationes
1011 922 1081 990 tuas
1103 924 1142 989 ad
1172 925 1303 990 salutem
1327 925 1412 1008 regni
1432 923 1504 990 istim

274 1041 305 1105 ot
327 1039 409 1122 regie
432 1039 563 1124 gloriam
586 1039 744 1124 dirigente,
769 1061 816 1106 ree
840 1043 871 1106 et
894 1041 975 1124 regis
999 1043 1029 1106 et
1045 1040 1132 1124 regni
1155 1040 1331 1108 felicissime
1356 1039 1503 1106 succedant

274 1153 339 1221 Nos
362 1155 415 1238 qui
437 1157 468 1220 et
490 1174 619 1239 regnum
642 1159 672 1222 et
695 1175 798 1240 regern
822 1156 918 1240 patris
941 1175 1043 1222 amore
1065 1155 1284 1240 prosequimur,
1307 1158 1340 1223 et
1361 1155 1412 1239 qui
1427 1153 1504 1220 duni

274 1270 407 1336 nominis
430 1271 561 1356 gloriam
576 1272 684 1338 celans
707 1273 796 1338 rebus
811 1273 1014 1356 proponimus,
1037 1271 1268 1340 admonebimus
1290 1272 1384 1338 etiam
1408 1272 1503 1336 nob.tem

273 1389 359 1451 tuam
383 1387 522 1452 fortassis
537 1406 598 1453 uon
621 1388 789 1453 necessario
813 1407 918 1454 verum
940 1389 1044 1455 tamen
1060 1389 1206 1466 amanter,
1230 1390 1264 1453 ut
1287 1387 1447 1472 diligenter
1465 1405 1503 1450 co·

273 1501 372 1585 gitare
394 1502 470 1568 velit
490 1502 523 1568 iu
546 1521 635 1586 quem
666 1502 787 1569 honoris
810 1505 841 1569 et
862 1504 998 1570 muneris
1028 1505 1128 1569 locum
1150 1507 1181 1569 et
1204 1523 1262 1588 quo
1284 1505 1419 1587 tempore
1441 1503 1502 1567 sita

273 1618 405 1684 Domino
428 1618 492 1684 Deo
515 1620 628 1696 vacate,
652 1618 737 1684 cuius
753 1619 811 1685 Dei
826 1618 973 1686 iudicium
988 1621 1019 1685 et
1034 1619 1171 1686 omnium
1193 1619 1285 1684 iatius
1308 1620 1395 1704 regni
1416 1637 1502 1702 proce·

272 1754 342 1800 rum
365 1753 451 1818 spem
473 1737 564 1818 atque
579 1735 751 1818 opinionem
775 1736 803 1801 si
826 1755 880 1802 sna
895 1736 1007 1801 virtute
1030 1737 1061 1802 et
1076 1735 1262 1801 abstinentia
1285 1733 1505 1826 comprobaverit

274 1869 400 1935 euinque
423 1850 598 1917 adhibuerit
619 1870 723 1916 euram
739 1853 770 1916 et
792 1851 985 1935 diligentiam
1008 1870 1084 1935 quae
1105 1851 1139 1916 in
1162 1850 1257 1915 tantis
1273 1850 1405 1935 negotiis
1426 1851 1454 1914 ct
1467 1849 1503 1912 in-

273 1967 359 2032 firme
382 1967 541 2050 dispositis
564 1986 598 2032 ec
620 1967 736 2050 paratis
759 1967 846 2051 regni
861 1967 945 2034 illius
968 1967 1058 2033 rebus
1074 1970 1122 2033 est
1137 1965 1316 2044 adhibenda,
1341 1983 1401 2032 non
1423 1964 1503 2030 solun

272 2100 344 2166 opes
368 2100 439 2147 suas
462 2083 606 2148 adversus
630 2101 752 2148 omnem
767 2084 917 2167 impetum
940 2083 1078 2149 fortunae
1096 2082 1247 2148 tenaciore
1271 2081 1402 2148 anchora
1424 2079 1503 2145 elabi·

276 2196 392 2275 liverit,
423 2197 477 2264 sed
499 2200 530 2264 et
552 2199 659 2283 magni
690 2199 794 2264 meriti
815 2201 916 2264 locum
944 2199 1138 2282 adquisiverit
1160 2197 1240 2281 apud
1262 2198 1363 2263 Deum
1386 2199 1416 2262 et
1435 2195 1505 2261 nobis

210 2406 215 2416 ι
273 2332 307 2378 ac
330 2314 456 2397 reliquis
479 2314 621 2381 omnibus
645 2314 696 2398 qui
726 2314 823 2398 ipsius
846 2314 961 2398 gloriae
984 2314 1121 2380 favemus
1144 2313 1311 2378 maximam
1336 2313 1503 2396 voluptatem

273 2429 419 2495 attulerit
466 2426 551 2509 Quod
567 2431 602 2494 ut
624 2429 718 2496 iacias
740 2431 772 2496 te
786 2429 881 2496 cham
896 2431 987 2514 atque
1001 2429 1095 2494 etiam
1118 2428 1151 2494 in
1172 2429 1304 2495 Domino
1327 2429 1504 2494 obtestamur.

175 2589 187 2614 .
271 2563 385 2629 uosque
407 2563 520 2630 magna
542 2548 628 2630 purte
651 2545 741 2611 huius
757 2563 845 2612 curae
867 2545 957 2624 leves,
981 2563 1059 2629 quae
1081 2544 1117 2612 do
1139 2545 1227 2629 regni
1243 2545 1343 2611 salute
1364 2545 1398 2611 in
1419 2543 1503 2608 ammo

271 2661 374 2727 nostro
397 2660 502 2728 haeret
523 2661 631 2737 infine;
662 2661 698 2728 de
721 2681 778 2745 quo
801 2661 895 2728 etiam
926 2662 1011 2726 tuam
1034 2662 1066 2726 et
1087 2660 1305 2728 conscientiam
1328 2661 1359 2727 et
1388 2659 1503 2725 animem

273 2775 355 2860 apud
377 2777 617 2861 omnipotentem
640 2778 739 2844 Deum
770 2777 999 2861 obstringimus.
1045 2775 1111 2842 Nos
1133 2795 1204 2842 cum
1226 2776 1343 2861 aliquot
1365 2775 1402 2842 dc
1422 2773 1504 2839 caeeis

271 2892 310 2958 ad
333 2891 533 2959 christianam
564 2893 784 2976 rempublicam
808 2893 1015 2976 spectantibus
1038 2891 1090 2957 dil.
1112 2892 1143 2958 fi.
1168 2891 1358 2976 Stephanum
1381 2887 1503 2958 Broderi·

272 3027 342 3075 cum
364 3009 455 3075 istius
480 3008 561 3094 regie
585 3013 673 3075 sensui
701 3011 851 3076 oratorem
875 3008 913 3074 ad
936 3008 1039 3091 ipsum
1060 3027 1164 3092 regem
1190 3008 1392 3086 mitteremus,
1417 3007 1503 3071 iniun-

275 3123 376 3190 ximus
398 3123 448 3190 illi
469 3125 505 3190 ut
527 3124 594 3208 ipse
617 3125 676 3190 tibi
698 3143 815 3209 quoque
845 3127 948 3190 nostro
971 3124 1093 3190 nomine
1122 3124 1329 3208 gratularetur
1365 3127 1503 3203 tecumque

272 3241 421 3306 conferret
436 3241 590 3319 nonnulla,
614 3241 647 3306 in
669 3240 779 3325 quibus
795 3241 935 3307 volumus
950 3239 998 3306 illi
1016 3241 1070 3306 abs
1087 3242 1117 3306 te
1132 3239 1224 3306 fidem
1247 3241 1362 3306 certam
1378 3233 1503 3306 adbiberi

271 3355 387 3422 Datum
410 3357 526 3424 Romae
549 3355 597 3422 die
623 3356 682 3422 viii.
706 3356 841 3441 Augusti
862 3355 981 3424 mdxnv.
1027 3355 1114 3422 Anno
1139 3354 1276 3422 secundo.
1390 3419 1393 3428 .

864 3616 934 3680 127.

575 3782 731 3852 Regibus
754 3781 923 3840 Poloniae
946 3785 980 3838 et
1004 3781 1219 3851 Hungariae.

360 3935 529 4002 Uerissimi.
576 3935 699 4000 Gratias
722 3935 843 4019 agimus
866 3935 929 4000 Deo
959 3933 1012 4018 qui
1035 3935 1104 4000 vota
1127 3936 1231 4000 nostra
1254 3935 1414 4002 exaudiens
1435 3947 1501 3996 aare·

271 4051 384 4118 uitales
409 4054 525 4118 vestras
541 4051 574 4116 in
597 4071 691 4116 unum
707 4051 872 4135 eoptdavih
897 4050 1055 4116 nonenim
1078 4049 1141 4116 iam
1157 4050 1335 4116 dubitamus
1357 4050 1427 4134 quin
1441 4065 1502 4130 quer

271 4168 358 4234 uobis
382 4187 486 4235 curam
510 4169 540 4233 et
556 4167 729 4233 molestiam
752 4166 926 4244 afferebant
948 4167 1070 4232 externa
1089 4166 1172 4249 prius
1188 4166 1226 4230 ab
1249 4166 1391 4232 hostibus
1405 4161 1501 4230 mna.

269 4281 403 4366 pericula
425 4283 532 4350 deinde
548 4301 617 4348 vero
639 4284 779 4367 graviora
801 4282 896 4350 etiam
917 4282 1133 4348 intestmarum
1156 4283 1298 4348 heresum
1321 4283 1410 4360 mala
1431 4295 1499 4344 eou-

271 4397 357 4462 muni
373 4399 530 4466 amborum
547 4400 681 4464 vestmm
705 4397 831 4466 consilio
854 4399 885 4463 et
900 4397 1038 4464 unanimi
1053 4397 1210 4466 concordie
1232 4397 1424 4482 extirpentur,
1444 4407 1498 4458 cum
