3152 4902
787 257 1009 328 ...92-

273 447 353 534 quod
383 468 502 516 summe
530 453 578 517 est
606 451 798 520 commodum
827 454 1085 542 honorificumque
1115 459 1312 545 proponimus
1342 463 1374 529 ot
1403 463 1505 529 sanotaa

273 584 390 651 quoque
413 565 485 633 seui
507 567 688 650 apostolicae
711 570 760 636 cui
782 570 886 639 diuina
907 572 1097 657 prouidentia
1124 576 1333 660 praesidemus
1355 579 1505 646 maximum

273 701 431 767 speremus
453 702 488 749 en
503 682 679 751 huiusmodi
694 688 823 754 statuet
837 688 1019 772 reipublicae
1041 693 1160 759 vestae
1174 692 1288 772 ordine,
1311 695 1340 760 si
1354 714 1391 762 ea
1404 713 1424 761 a
1436 693 1506 761 robis

273 799 353 866 recte
375 802 407 867 et
429 800 581 884 sapienter
609 801 701 869 fuerit
717 805 903 895 ,constituta
925 807 1166 876 emolumentum
1195 809 1404 897 simulatque
1431 829 1505 880 orua-

273 917 412 982 mentum
441 918 603 984 venturum
633 938 712 996 esse3
741 939 814 987 narn
843 920 983 989 inomni
1011 923 1147 1009 tempore
1175 924 1338 992 coniuncta
1365 927 1507 994 rotimum

272 1032 356 1099 fideli
376 1034 579 1118 perpetuaque
600 1035 809 1103 benevolentia
832 1057 938 1104 sumus
959 1040 1144 1124 copulaturi:
1167 1061 1245 1126 quae
1266 1043 1298 1108 ot
1314 1043 1383 1109 'sibi
1404 1041 1507 1108 euobis
1571 1089 1572 1092 ,

273 1149 465 1218 commodum
496 1153 669 1235 spectatura
690 1154 721 1219 ot
743 1153 830 1220 robis
859 1153 997 1222 vicissim
1025 1156 1059 1223 in
1081 1175 1187 1224 omnes
1217 1176 1307 1224 casus
1336 1158 1508 1245 opitulatura

272 1269 320 1334 est
343 1266 370 1333 si
392 1267 482 1335 modo
497 1267 684 1335 concorditer
705 1269 736 1336 et
749 1270 936 1338 unanimiter
957 1290 1018 1339 non
1040 1271 1138 1340 diviso
1153 1273 1298 1359 cuiusque
1313 1293 1407 1342 sensu
1428 1290 1510 1358 neque

271 1384 393 1470 propriu
421 1385 552 1451 ullorum
581 1383 755 1469 cupiditate,
785 1385 839 1452 sed
867 1387 989 1472 publico
1017 1388 1230 1474 communique
1259 1389 1388 1458 consilio
1415 1391 1509 1458 cunct

272 1519 376 1585 gerere
397 1499 583 1578 instituetis3
604 1499 638 1566 in
661 1519 719 1586 quo
742 1501 770 1568 si
792 1520 984 1570 communem
1007 1505 1038 1571 et
1052 1523 1181 1590 aequam
1202 1503 1427 1573 constitueritis
1440 1523 1509 1572 ranu-

271 1616 427 1702 publicam
449 1616 534 1683 cuius
557 1615 698 1684 universa
719 1618 855 1703 potestm
868 1619 998 1704 privatis
1013 1619 1121 1705 opibus
1144 1619 1187 1687 sit
1208 1621 1315 1707 potior,
1338 1640 1402 1690 non
1424 1621 1511 1688 solum

271 1733 431 1818 antiquam
453 1731 669 1818 recuperabitis
691 1734 861 1819 potentiam
883 1737 915 1802 et
936 1735 1121 1821 dignitatem
1144 1736 1198 1804 sed
1215 1737 1377 1804 fluctuanti
1399 1736 1510 1824 pericli·

271 1850 410 1934 tantique
441 1847 625 1915 christianae
656 1847 839 1934 reipublicae
869 1851 976 1918 firmae
1007 1853 1039 1918 et
1069 1852 1191 1919 stabilis
1223 1853 1373 1920 anchorae
1404 1853 1513 1920 danum

270 1964 415 2031 iniicietis
437 1984 475 2032 ne
496 1966 562 2030 tota
585 1983 726 2050 praeceps
748 1965 783 2032 in
797 1967 954 2050 scopulum
975 1967 1110 2051 impacta
1131 1969 1259 2049 comest
1282 1969 1401 2054 eritque
1421 1971 1514 2036 umus

271 2081 369 2147 virtus
392 2079 478 2146 vobis
500 2080 578 2164 ipsis
600 2078 699 2147 decori
722 2082 753 2148 et
768 2081 907 2162 utilitati,
929 2082 1055 2167 reliquis
1078 2083 1220 2150 omnibus
1243 2085 1447 2170 exemplant
1469 2101 1513 2147 sa·

270 2197 404 2282 pientiae
425 2200 543 2263 vestrae
565 2195 736 2264 imitatores
766 2197 865 2264 effecti
886 2217 905 2264 a
927 2198 1079 2266 continuis
1101 2200 1330 2267 calamitatibus
1356 2201 1441 2266 viam
1462 2196 1514 2264 ali·

270 2312 390 2398 quando
413 2311 583 2397 respirandi
604 2312 769 2380 inveniant.
815 2311 949 2395 Quorum
972 2316 1075 2381 utrum
1089 2315 1277 2400 prestantius
1301 2315 1344 2380 ait
1365 2317 1398 2382 et
1411 2313 1451 2380 ad
1465 2311 1517 2379 Dei

270 2427 488 2514 omnipotentis
516 2427 650 2512 gradium
679 2430 710 2496 et
739 2428 777 2494 ad
800 2429 960 2496 hominum
980 2429 1104 2497 laudem
1127 2429 1186 2497 sibi
1207 2450 1245 2497 ne
1274 2431 1460 2497 constituere
1481 2449 1516 2494 an

271 2544 342 2612 aliis
363 2543 490 2611 modum
513 2542 741 2612 constituendae
765 2545 874 2610 salutis
888 2544 1055 2626 ostendere,
1077 2546 1166 2612 valde
1188 2545 1316 2614 dubium
1339 2549 1396 2614 est
1434 2543 1516 2612 Certe

270 2681 419 2747 magnum
441 2661 529 2727 tuum
552 2660 618 2740 orit,
640 2660 686 2726 tili
701 2661 825 2740 Antoni,
848 2661 971 2728 virtutis
994 2681 1105 2729 nomen
1127 2662 1158 2728 et
1180 2662 1277 2728 animi
1298 2661 1519 2748 magnitudinis

271 2778 299 2843 si
320 2777 358 2844 de
381 2778 434 2842 tua
456 2776 648 2861 aliquantum
663 2775 814 2862 dignitate
837 2776 1001 2844 detraxeris
1017 2778 1053 2844 ut
1075 2779 1117 2843 sit
1131 2797 1184 2862 per
1199 2777 1230 2844 te
1245 2777 1383 2863 dignitas
1405 2778 1519 2862 patriae

269 2895 340 2960 tuae
363 2893 537 2970 sublimium
560 2911 708 2978 magnum
730 2895 867 2960 vestrum
890 2893 1027 2960 omnium
1049 2893 1102 2978 qui
1124 2894 1157 2960 in
1171 2895 1238 2959 tam
1260 2893 1447 2978 praeclaram
1470 2911 1519 2958 co·

270 3009 451 3094 gitationom
474 3028 527 3076 ros
556 3007 745 3086 contulistis3
774 3027 922 3093 magnum
944 3010 1111 3076 ceterorum
1139 3007 1194 3094 qui
1217 3007 1328 3075 horum
1350 3009 1521 3093 principum

271 3125 484 3192 auctoritatem
507 3123 603 3191 secuti
617 3125 701 3190 estis.
739 3121 823 3205 Quae
845 3123 991 3210 cogitatio
1006 3125 1037 3190 et
1051 3123 1132 3208 quod
1153 3123 1316 3191 consilium
1332 3123 1360 3190 si
1374 3122 1414 3189 ad
1428 3123 1521 3190 finem

270 3241 433 3309 deductum
455 3241 487 3307 et
508 3239 542 3307 in
562 3239 703 3307 concordi
725 3259 761 3307 ac
789 3240 865 3307 bene
887 3241 1005 3308 morata
1033 3239 1187 3325 republica
1216 3239 1430 3307 constituenda
1451 3261 1521 3324 per-

269 3357 384 3424 lectum
406 3355 513 3434 fuerit;
535 3374 596 3423 non
620 3356 719 3422 solum
742 3355 801 3423 erit
822 3356 883 3422 ista
905 3354 1014 3422 civitas
1037 3356 1076 3422 ab
1098 3355 1220 3422 insidiis
1243 3375 1262 3421 a
1284 3355 1401 3440 rapinis
1416 3374 1435 3420 a
1450 3375 1522 3421 cae·

270 3473 360 3540 dibus
383 3491 402 3538 e
423 3473 560 3539 tumultu
581 3470 748 3539 lactionum
764 3491 782 3538 a
797 3472 930 3556 periculo
953 3471 1167 3556 captivitatum
1182 3489 1201 3536 a
1215 3472 1301 3537 metu
1315 3469 1524 3556 direptionum

271 3590 338 3656 tuta
360 3589 451 3673 atque
464 3587 569 3668 libera,
593 3588 646 3654 sed
668 3588 738 3654 aliis
754 3587 848 3654 etiam
871 3587 979 3654 multis
1002 3606 1057 3653 sua
1072 3586 1253 3654 auctoritate
1274 3586 1373 3671 pariat
1390 3587 1525 3652 tutelam

269 3725 305 3773 ac
326 3704 510 3771 libertatem
555 3701 655 3785 Quam
678 3724 742 3770 rem
764 3723 820 3771 nos
843 3722 904 3770 non
927 3704 1026 3770 solum
1047 3721 1102 3787 pro
1131 3705 1258 3787 paterna
1283 3701 1339 3767 illa
1360 3702 1470 3768 nostra
1493 3702 1526 3766 in

269 3820 444 3888 universam
465 3819 546 3886 hanc
567 3819 724 3887 civitatem
739 3839 774 3886 ac
789 3819 960 3904 singulares
982 3819 1063 3886 cives
1086 3817 1183 3902 ipsius
1197 3817 1354 3884 voluntate
1376 3819 1409 3884 et
1425 3817 1525 3884 bene-

269 3935 402 4003 volentia
425 3955 543 4003 summe
565 3935 734 4020 expetimus
757 3953 792 4001 ec
807 3933 1023 4014 desideramus,
1046 3933 1099 4001 sed
1120 3934 1216 4000 otiam
1229 3931 1269 3998 ad
1291 3951 1360 3998 eam
1382 3933 1527 3999 tractan-

269 4051 341 4120 dam
363 4051 554 4119 efficiendam
568 4050 772 4118 adiuvandam
794 4051 915 4118 nostras
937 4048 1091 4117 offerimus
1107 4049 1137 4116 et
1158 4048 1337 4134 pollicemur
1360 4048 1528 4114 facultates

268 4187 474 4254 quaecumque
503 4167 575 4233 illae
597 4167 630 4233 in
659 4164 748 4234 nobis
772 4167 844 4232 sunt
872 4165 903 4232 et
926 4165 993 4250 opis
1015 4165 1047 4231 et
1075 4163 1266 4231 auctoritatis
1296 4163 1328 4230 et
1350 4163 1530 4247 patrocinii

221 4330 224 4336 ‚
269 4301 346 4368 quas
368 4282 401 4350 et
421 4283 527 4350 nostre
549 4283 665 4367 speum,
687 4281 715 4348 si
737 4301 813 4367 quac
836 4280 923 4347 robis
937 4279 1070 4366 proficua
1092 4281 1124 4347 ot
1145 4279 1314 4365 opportuna
1334 4277 1479 4346 veneunt
1495 4279 1532 4348 in

266 4402 401 4467 menam
430 4398 659 4466 oleastrorum
681 4395 732 4463 hic
754 4398 891 4465 actorum
921 4393 1144 4483 significatione
1172 4396 1204 4465 et
1225 4392 1347 4464 monitu
1376 4394 1440 4462 sire
1466 4415 1530 4482 per
