3128 4908
747 281 990 349 ---218··d

242 475 364 542 nostrae
386 493 422 541 so
443 475 534 541 huius
558 475 628 543 Sita
651 474 739 543 Sedis
769 475 932 562 dignitatis
961 475 1127 553 rationem3
1156 477 1260 544 tamur
1282 478 1315 543 et
1337 495 1397 543 nos
1420 475 1498 560 quod

240 589 361 676 egimus
390 591 481 658 iustis
504 594 536 659 st
557 592 736 659 necessariis
765 591 925 658 decausis
948 609 1037 677 agere
1060 591 1175 658 fuimus
1204 590 1336 672 adduoti,
1369 611 1428 658 neo
1449 592 1497 657 in·

241 707 412 792 telligimus
443 707 516 792 quid
545 708 620 774 haee
642 709 747 774 nostre
776 708 856 774 sotio
878 710 932 775 aut
961 707 1032 775 aliis
1055 707 1293 792 opportunitatis
1323 709 1380 773 aut
1411 707 1498 774 nobis

240 821 347 889 damni
369 823 501 907 emplius
524 823 669 890 attulerit
715 826 816 909 Atque
837 825 958 891 utinam
980 823 1014 890 in
1042 823 1139 890 snus
1162 842 1264 889 rorum
1293 823 1497 890 mriotaiibus

240 955 317 1022 quos
339 937 404 1004 dies
426 938 561 1023 quotidie
583 940 632 1004 rol
653 939 755 1024 potius
778 939 853 1006 hors
875 939 943 1017 tert,
965 957 1104 1006 essemus
1118 939 1222 1006 miuus
1244 939 1335 1024 longo
1360 940 1498 1006 looorum

241 1053 341 1138 spatio
363 1053 517 1134 bisinnus,
540 1055 698 1122 nonenim
721 1055 931 1121 dubitaremus
954 1055 1029 1140 quin
1044 1054 1174 1121 consilia
1196 1073 1285 1138 saepe
1307 1055 1419 1121 nostru
1441 1073 1497 1138 ap-

239 1171 382 1253 probares
405 1172 438 1238 ot
450 1172 504 1236 tuo
527 1189 643 1256 qnoque
658 1171 784 1238 oonsilio
807 1189 843 1238 ao
865 1189 956 1256 opera
970 1170 1138 1237 adinrares.
1185 1168 1244 1238 Sed
1262 1187 1318 1236 noe
1341 1169 1409 1236 sere
1423 1189 1497 1236 oon·

242 1285 347 1352 silium
369 1303 423 1370 pro
446 1305 547 1354 rernm
569 1287 727 1370 praesento
750 1287 835 1352 stetu
857 1305 962 1372 capere
984 1288 1128 1354 oonsntes
1152 1304 1201 1353 res
1223 1285 1307 1370 ipsae
1328 1284 1498 1362 desierunt

240 1421 317 1486 quae
339 1401 505 1486 repentinis
534 1401 656 1468 nasibus
679 1401 846 1488 dissipatae
874 1404 966 1487 etque
994 1403 1184 1468 transmotae
1206 1403 1344 1467 ruostrsm
1376 1419 1498 1486 quoque

240 1517 414 1602 opinionem
436 1517 584 1586 sanarint
605 1519 637 1585 ei
657 1517 810 1584 moverint
831 1537 952 1585 neeesse
967 1519 1023 1584 est.
1069 1518 1108 1584 In
1128 1517 1222 1584 finem
1236 1518 1341 1582 brnen
1364 1515 1496 1583 eundem

239 1632 395 1700 tendimus
417 1635 453 1699 ut
474 1634 502 1702 si
524 1651 584 1720 que
606 1634 694 1701 nobis
717 1633 861 1701 oonuedut
883 1633 1035 1700 Dominus
1058 1633 1211 1718 possimus
1232 1632 1266 1700 in
1287 1633 1388 1699 tentis
1410 1632 1495 1700 difli-

240 1749 407 1816 unitatibus
421 1749 593 1833 temporum
610 1767 713 1834 regere
734 1749 838 1818 navim
855 1767 923 1816 eam
945 1767 1022 1834 quse
1037 1752 1159 1816 nostras
1181 1767 1270 1815 onrae
1285 1751 1317 1815 ot
1338 1749 1496 1816 eustodim

239 1867 288 1932 est
316 1863 439 1944 credita
468 1883 560 1951 quum
588 1865 709 1931 utinam
736 1866 771 1930 in
793 1866 915 1949 portum
944 1865 1127 1932 ineolumem
1155 1864 1302 1932 deduoere
1330 1865 1495 1950 possimus.

239 1981 307 2047 ursi
328 1981 404 2047 haso
418 2000 467 2047 res
481 1980 544 2048 iam
561 1981 624 2047 soti
638 1980 740 2065 potius
757 1998 850 2065 quem
865 1980 994 2047 hnmani
1015 1981 1137 2048 oonsiiii
1157 1980 1277 2048 ridetur
1290 1979 1400 2065 esse1)
1436 1977 1494 2046 Sed

238 2095 276 2163 ds
298 2096 349 2163 his
371 2095 513 2163 omnibus
543 2115 613 2163 oum
642 2096 748 2163 eodem
771 2093 918 2180 Gregorio
948 2096 1049 2182 equite
1072 2095 1174 2163 Casuli
1203 2096 1356 2181 copiosius
1386 2115 1494 2163 sumus

239 2212 342 2291 leonti,
365 2211 415 2279 oui
437 2211 476 2278 ad
491 2211 597 2278 ennom
617 2214 704 2278 tuum
720 2211 866 2279 seribenti
887 2211 980 2280 fidem
1003 2212 1059 2278 ills
1073 2211 1207 2278 habebit
1245 2212 1363 2280 Datum
1377 2213 1494 2278 Romae

240 2327 289 2394 dio
311 2345 338 2393 ι.
362 2327 519 2395 Februarii
541 2327 671 2394 mdxxri
715 2328 806 2396 Anno
827 2327 927 2395 tertio.

328 2487 458 2554 oens
482 2525 527 2535 -
548 2487 608 2554 uro
630 2447 910 2556 messender}
929 2485 1062 2574 dapnis
1090 2488 1127 2555 n
1150 2507 1209 2574 quo
1233 2507 1325 2573 supra
1347 2487 1381 2554 n
1403 2487 1492 2572 epm

239 2604 279 2670 ad
300 2603 372 2670 sni
395 2603 434 2670 ds
455 2603 543 2670 Iera.
567 2641 611 2651 -
633 2604 748 2671 Romae
769 2603 852 2670 xviii
875 2603 1033 2671 Februarii
1056 2603 1185 2671 mdxxvi
1230 2605 1319 2670 Anno
1342 2603 1443 2669 tortio.

329 2761 472 2848 Sequitur
494 2764 583 2830 bross
612 2765 726 2849 absque
748 2721 919 2844 titulo-'m
940 2783 999 2848 quo
1020 2763 1177 2848 promittit
1204 2763 1341 2850 pontifex
1363 2782 1396 2830 se
1418 2781 1491 2830 oon·

239 2898 396 2946 sessurum
417 2878 515 2964 petita
536 2879 571 2946 in
592 2878 705 2946 litteris
727 2879 886 2946 euiusdsm
909 2879 1032 2964 scriptis
1055 2881 1112 2946 sub
1134 2879 1257 2946 nomino
1278 2877 1405 2962 Georgii
1419 2875 1491 2944 Ser·

240 2995 348 3062 ventis.
393 2994 509 3061 Romae
531 3014 576 3061 xx.
599 2995 766 3074 Februarii,
788 2995 823 3062 ut
845 3013 945 3080 supra
1561 2977 1562 3057 i

328 3153 488 3222 Melchiori
497 3155 610 3240 Iunge.
623 3155 720 3222 -Ut
735 3113 1038 3241 redeat—slogationo
1053 3173 1146 3239 quum
1161 3155 1278 3222 obierat
1292 3153 1374 3239 apud
1387 3171 1490 3238 regem

239 3270 379 3356 Anglins.
395 3307 440 3318 -
459 3290 524 3336 xxv.
548 3271 706 3338 Februarii
727 3271 858 3338 mdxxvi.
902 3272 992 3338 Anno
1014 3271 1113 3337 tertio.

329 3431 477 3526 episeopo
505 3431 645 3510 uerene,
675 3389 920 3518 mommsen
930 3429 1142 3498 ursanensi
1170 3431 1201 3496 o
1223 3429 1293 3496 ann
1322 3430 1356 3498 n
1378 3428 1488 3516 nngm

239 3547 401 3627 nobilibus,
424 3565 478 3632 pro
494 3545 610 3614 Uborto
632 3546 669 3614 de
685 3545 849 3614 Gambams
871 3547 981 3614 nunoio
1004 3545 1043 3612 ad
1059 3545 1227 3613 Hominum
1249 3565 1353 3630 rogem
1375 3545 1490 3612 noviter

240 3664 344 3732 misso
389 3662 447 3730 Die
469 3662 546 3730 xxu‘n
569 3662 729 3730 Februarii
750 3662 882 3729 mdxxv'n

835 3833 906 3899 167.

734 3955 821 4027 Regi
844 3953 1003 4026 Angues.
1558 3945 1559 4013 i

328 4062 500 4132 Carissimo.
545 4063 723 4131 (bniunotio
745 4064 851 4129 nostra
874 4080 951 4147 quse
982 4061 1104 4146 magnis
1133 4059 1243 4128 officiis
1266 4060 1347 4129 inter
1376 4079 1428 4128 nos
1449 4057 1487 4122 nd

240 4197 394 4248 summam
416 4179 654 4245 beneolentiam
668 4180 809 4244 mutuam
830 4175 1015 4260 iampridem
1030 4175 1174 4260 perducta
1196 4177 1252 4256 est
1275 4193 1332 4243 nos
1354 4175 1432 4260 oogit
1454 4179 1487 4238 nt

334 4327 352 4384 Ἰ
371 4331 414 4378 iiio
425 4331 537 4387 essedum
556 4331 662 4379 addendo
674 4331 774 4380 tonsus
792 4333 860 4378 orant
871 4342 930 4388 nuso
943 4331 1026 4378 notatu
1044 4330 1067 4378 in
1087 4333 1154 4390 perte
1173 4329 1279 4378 interiori
1298 4330 1355 4390 folii,
1372 4343 1420 4378 eum
1438 4329 1487 4388 ipss
1557 4281 1558 4333 ¹

241 4429 311 4492 parte
328 4427 456 4486 pertusus.
