3128 4908
528 309 773 379 -289-

613 512 688 580 218.

396 635 549 696 Carolus
570 635 612 694 v.
635 633 808 694 Clementi
830 627 904 693 v11.

475 745 562 831 (Litt
577 745 671 828 princ.
688 745 728 814 IL
744 741 833 828 237).

522 859 565 946 (9.
581 859 660 927 Julii
677 860 786 948 1524).

118 981 149 1048 Si
165 983 315 1067 qnantum
338 979 472 1046 dolorem
495 977 682 1062 caeperimus
705 997 741 1044 ex
755 982 869 1048 recenti
891 985 948 1051 hoc
962 987 1052 1070 partu
1075 989 1165 1072 atque
1180 984 1276 1051 ollan-

43 1100 163 1165 sionibus
186 1095 355 1164 Lutberani
377 1095 479 1161 delirii
500 1093 636 1160 oratione
659 1095 825 1178 exprimere
849 1097 1034 1182 deberemus,
1057 1101 1189 1186 proiecto
1211 1102 1278 1165 luce

42 1215 140 1280 clarius
161 1213 350 1298 intelligeret
372 1232 394 1278 s.
411 1231 439 1278 v,
462 1211 553 1295 atqua
576 1214 769 1295 cognosceret
790 1213 945 1282 neminem
967 1235 1034 1283 esse
1056 1219 1090 1284 in
1112 1217 1278 1282 christiano

42 1333 103 1398 erbe
117 1331 163 1397 cni
184 1349 235 1397 ras
249 1329 325 1396 baec
340 1327 488 1394 maiorem
510 1345 603 1410 quam
618 1327 707 1393 nobis
722 1329 898 1396 molestiam
912 1333 1059 1399 attulerit.
1087 1331 1169 1398 Nem
1184 1350 1279 1416 quum

43 1447 129 1512 malm
151 1445 214 1512 sint
236 1463 314 1530 quae
337 1443 375 1510 ad
398 1443 456 1509 hec
477 1459 533 1508 nos
555 1442 621 1508 iure
643 1443 753 1510 merito
783 1463 903 1512 movere
926 1448 1017 1532 atque
1046 1447 1202 1532 impellere
1224 1445 1279 1510 de·

42 1561 131 1640 bunt
152 1559 231 1627 illud
252 1559 447 1644 praecipuum
470 1559 501 1624 et
523 1557 692 1624 maximum
715 1560 763 1624 est
784 1559 864 1643 quod
885 1561 1044 1628 videamus
1065 1563 1141 1630 baec
1162 1561 1195 1628 in
1217 1561 1278 1626 im·

43 1679 115 1761 perio
136 1678 239 1743 nostro
261 1695 298 1742 ae
321 1674 496 1741 nubeculis
525 1691 601 1758 pena
623 1674 737 1741 nostris
760 1675 834 1756 ficri,
864 1679 895 1742 et
917 1679 970 1763 qui
1000 1677 1179 1745 iamdudum
1209 1679 1279 1742 tan-

43 1795 134 1877 topere
148 1791 246 1860 modis
261 1791 404 1858 omnibus
426 1789 632 1856 laboravimus
647 1791 682 1854 ut
697 1789 733 1869 si,
748 1791 827 1875 quod
842 1794 910 1860 tum
925 1795 1048 1861 omnino
1063 1793 1282 1862 difficillimum

44 1909 198 1988 videbatur,
228 1907 318 1974 nobie
348 1909 414 1972 tam
444 1905 532 1990 gravi
553 1905 775 1990 et'periculoso
805 1909 886 1975 bello
915 1909 1075 1994 implicitis
1104 1927 1165 1977 uon
1187 1909 1281 1976 extir-

43 2043 182 2107 paremus,
203 2025 284 2090 banc
307 2023 416 2088 saltem
439 2021 660 2101 collideremue,
683 2023 774 2106 atque
789 2043 828 2089 ne
845 2025 939 2092 latius
961 2027 1135 2111 pullularet,
1158 2025 1282 2092 concul-

44 2159 171 2206 caremus
193 2139 389 2206 maledictam
412 2140 444 2204 et
466 2137 650 2204 virulentam
676 2139 824 2223 plantem,
847 2141 927 2225 quod
949 2161 1030 2208 nnnc
1051 2143 1206 2226 praestare
1228 2158 1284 2206 nos

45 2273 123 2336 pesse
146 2255 232 2322 nobis
255 2256 356 2320 usum
379 2255 434 2332 est,
457 2273 518 2320 non
533 2253 803 2338 praetermisimus,
827 2256 1082 2338 quemadmodum
1105 2277 1140 2323 ea
1161 2255 1283 2323 littera·

46 2389 104 2436 ram
126 2372 272 2456 exemplis
301 2388 377 2455 quae
399 2369 447 2434 illi
476 2369 615 2435 ostendet
643 2370 688 2436 ill.
717 2371 776 2436 dux
807 2369 935 2438 Suessae
958 2375 1058 2439 orator
1086 2374 1203 2451 noster,
1232 2373 1282 2438 in·

45 2487 174 2572 telligare
204 2506 229 2553 s.
252 2506 280 2552 v.
309 2485 429 2570 poterit.
475 2484 605 2552 Utinam
634 2484 680 2550 ita
709 2486 798 2551 nobis
827 2505 908 2553 nnnc
936 2489 1041 2555 liceret
1070 2507 1105 2554 eo
1135 2485 1285 2572 proficisci

46 2619 195 2687 commune
216 2600 388 2687 previdere3
411 2601 491 2667 certe
513 2619 574 2666 non
588 2601 831 2684 expectassemus
852 2621 948 2686 neque
963 2603 1083 2669 litteras
1106 2621 1202 2687 neque
1215 2621 1283 2668 mo·

46 2717 105 2782 nita
125 2738 143 2784 e
157 2717 320 2785 sanctitate
335 2717 450 2793 vestrm
472 2716 589 2782 maiora
602 2717 656 2782 aut
677 2717 793 2783 acriora
815 2719 957 2784 absentes
971 2719 1089 2785 tentare
1102 2737 1164 2785 non
1180 2737 1286 2784 sumus

46 2834 122 2910 ausi;
142 2853 180 2902 ne
202 2833 277 2904 dam
299 2833 421 2898 matum
436 2830 610 2898 incendium
633 2831 678 2898 sic
699 2833 887 2918 restinguere
903 2835 1043 2900 volumus
1065 2835 1167 2900 maius
1186 2834 1284 2899 susci-

46 2949 182 3030 taremue,
204 2948 259 3016 sed
277 2946 421 3032 quiequid
443 2947 565 3014 anobis
588 2966 723 3033 unquam
744 2947 811 3014 lieri
832 2951 864 3016 ct
878 2950 1028 3034 praestari
1049 2949 1083 3016 in
1105 2950 1162 3016 hoc
1184 2951 1285 3015 caete·

47 3063 142 3149 risque
155 3066 245 3132 rebus
260 3063 381 3148 peterit,
400 3062 543 3130 dabimus
558 3064 702 3148 perpetue
717 3081 840 3148 operam
854 3066 890 3130 ut
904 3067 936 3132 et
949 3065 1030 3132 rotis
1046 3084 1070 3131 s.
1086 3085 1113 3132 v.
1129 3065 1287 3148 officioque

47 3181 74 3243 et
93 3180 237 3265 dignitati
259 3181 383 3247 nostrae
404 3179 645 3257 mbataciamus3
672 3179 910 3265 persuadereque
933 3180 993 3246 sibi
1015 3182 1116 3265 petest
1139 3180 1286 3247 annam

46 3313 70 3359 r.
84 3314 138 3362 nos
159 3315 253 3382 aeque
266 3295 425 3362 babituros
447 3295 522 3360 haec
543 3294 651 3361 deliria
673 3296 764 3379 atque
777 3295 889 3380 impios
912 3315 1027 3363 errores
1049 3296 1201 3362 innostro
1222 3295 1284 3361 im-

47 3411 123 3492 perio
151 3412 229 3496 pati,
260 3430 352 3496 quam
380 3429 457 3495 pene
483 3409 550 3494 ipso
579 3411 707 3495 imperio
736 3429 852 3478 carere:
881 3411 962 3497 quod
990 3401 1110 3496 quando
1139 3410 1287 3477 divinitis

48 3526 129 3592 nobis
152 3545 327 3595 cencessum
349 3528 405 3606 est,
434 3527 465 3592 et
487 3525 566 3593 tucri
588 3527 620 3592 et
641 3526 800 3611 praecipue
829 3526 865 3593 de
888 3526 1004 3594 Obristi
1033 3526 1092 3593 fide
1114 3528 1205 3611 atque
1226 3525 1289 3591 iata

48 3643 205 3724 apostolica
228 3641 297 3710 aede
313 3644 345 3709 et
360 3641 523 3708 sanctitate
537 3662 564 3709 v.
580 3641 798 3710 benemerendo
822 3641 970 3726 ampliare
984 3644 1016 3708 et
1030 3643 1131 3726 magis
1151 3642 1289 3708 decorare

47 3757 225 3841 egilam
254 3756 511 3844 quemadmodum
533 3756 571 3823 de
592 3757 642 3822 his
672 3757 857 3841 caeterisque
880 3775 956 3842 quae
986 3757 1104 3824 adhoc
1126 3757 1215 3823 nobis
1238 3776 1287 3822 re-

48 3873 143 3938 medie
172 3875 331 3942 occurrunt
359 3873 482 3939 uberius
511 3871 666 3957 intelligat
689 3892 712 3939 s.
735 3894 762 3939 v.
787 3892 822 3938 ex
845 3873 912 3957 ipso
942 3875 1059 3939 oratore
1089 3875 1192 3938 nostre
1215 3872 1290 3937 duce

49 3985 179 4054 Suessae.
223 3987 280 4055 (lui
301 3990 337 4055 ut
359 3988 451 4054 fidem
473 3987 593 4067 habat,
625 3987 763 4073 quodque
785 3987 901 4054 lactum
924 3987 1076 4072 optimum
1106 3987 1166 4054 sibi
1189 3986 1289 4052 visum

48 4103 142 4184 icant,
166 4104 199 4170 in
219 4124 379 4174 commune
401 4105 540 4171 consulat
569 4123 712 4190 rogamus
736 4156 743 4170 .
768 4157 775 4170 .
799 4156 805 4170 .
829 4105 945 4170 Datum
966 4104 1001 4169 in
1030 4102 1153 4168 civitate
1182 4103 1287 4167 nostra

50 4220 196 4306 Bnrgenai
216 4220 264 4287 die
286 4221 325 4287 in
348 4219 428 4287 Julii
448 4239 528 4287 anno
550 4219 676 4286 Domini
697 4219 827 4286 mdniv.
843 4238 1006 4305 regnorum
1028 4219 1201 4284 nostrorum
1224 4217 1288 4284 Rc·

50 4337 129 4404 meni
152 4339 235 4403 serto
257 4340 288 4404 et
310 4337 440 4403 aliomm
463 4335 601 4402 omnium
623 4354 710 4402 nono.

132 4451 256 4519 Carolus
278 4455 334 4520 etc.
1005 4449 1061 4515 Pb.
1084 4448 1201 4516 Nicola.

97 4579 200 4624 naara
212 4579 317 4618 amna·
332 4581 378 4618 eu.
1089 4559 1130 4626 19
