3192 4930
211 303 289 370 VIII

210 501 374 587 integrum,
397 503 499 588 prouti
521 503 622 569 exstat
643 503 676 569 in
691 502 840 569 Vaticano
863 503 993 580 archivo,
1016 503 1106 586 atque
1130 501 1204 568 adeo
1226 500 1347 580 maiore,
1369 520 1463 584 quem

209 618 292 702 prior
314 620 369 696 est,
393 619 424 685 vi
447 620 669 686 sentemiarum
692 621 723 685 et
745 619 960 704 perspicuItate
983 618 1161 703 praeditam.

298 734 397 801 Nobis
426 737 531 802 autem
553 735 673 801 videtur
702 754 763 801 non
791 753 900 820 parum
929 735 1100 802 ornamenti
1126 736 1198 802 huic
1219 733 1297 800 libro
1324 735 1463 802 accedere

209 870 245 917 ex
267 851 381 917 additis
404 852 552 936 epistolis,
581 869 658 936 ques
681 851 885 936 Hieronymus
913 851 1041 931 Naselli,
1070 854 1171 918 orator
1197 852 1350 936 Alpbonsi
1377 852 1464 920 ducis

210 968 421 1046 Ferrariensis,
444 970 484 1034 ad
507 987 598 1034 suum
621 967 780 1034 dominum
803 968 891 1034 misit
913 987 929 1034 c
952 969 1061 1036 castris
1083 969 1231 1052 praetorto
1253 967 1290 1034 de
1312 968 1464 1048 Burbene,

209 1084 270 1167 qui,
300 1085 431 1151 Romam
461 1083 632 1150 miserrime
662 1085 847 1164 vastaturus,
870 1085 995 1152 Italiam
1024 1086 1216 1169 pervadebat.
1260 1086 1377 1170 Itaque,
1407 1086 1465 1152 hoc

209 1199 294 1280 duce,
318 1200 442 1284 singula
464 1219 558 1284 paene
588 1200 730 1279 facinora,
761 1219 838 1284 quae
861 1219 879 1266 a
902 1201 1032 1284 septimo
1054 1202 1110 1268 cal
1133 1202 1218 1268 Febr.
1249 1199 1288 1266 od
1317 1202 1463 1269 tertium-

210 1315 364 1384 decimum
379 1317 434 1382 cal
450 1315 527 1382 Maii
542 1315 615 1382 anni
632 1318 727 1396 1527,
748 1318 787 1382 ab
808 1317 1042 1384 immanissimis
1057 1319 1221 1396 latronum,
1240 1335 1301 1383 non
1316 1317 1461 1398 militum,

208 1432 309 1499 turbis
324 1433 446 1516 patrata
460 1434 541 1511 eunt,
557 1431 698 1516 persequi
714 1434 746 1499 ot
761 1433 850 1516 quasi
864 1433 960 1499 ocubs
976 1431 1088 1500 intueri
1103 1451 1280 1516 possumus;
1302 1431 1459 1516 siquidem,

208 1547 381 1632 principum
413 1548 562 1615 Italorum
590 1548 734 1628 socordia
764 1548 851 1615 ducis
873 1549 1035 1616 Urbinatis
1062 1548 1285 1634 proditionibus
1315 1548 1459 1633 ducisque

209 1663 411 1730 Perrasionsis
435 1662 590 1743 subsidiis,
606 1663 695 1730 licuit
709 1663 900 1732 efferatorum
915 1665 1075 1732 homInum
1087 1663 1216 1731 eatenus
1230 1665 1310 1730 benc
1324 1667 1459 1732 nostram

208 1781 446 1864 pulcherrimam
469 1797 562 1864 aeque
584 1799 619 1846 ae
642 1780 943 1848 aerumnosissimam
966 1781 1080 1846 terrum
1102 1781 1227 1865 impune
1248 1781 1414 1865 irrumpere
1430 1782 1461 1846 ot

208 1897 355 1981 populari,
379 1896 432 1981 qui
454 1896 538 1963 facili
560 1897 682 1981 negotio
697 1896 947 1981 ubique'conteri
969 1915 1005 1962 ec
1020 1895 1154 1980 disperdi
1175 1897 1357 1980 potuissent.
1387 1897 1462 1966 Post

207 2031 304 2080 nonas
327 2011 438 2078 Junios
460 2013 542 2081 idem
564 2013 685 2080 Naselli
707 2013 785 2080 aliae
815 2031 932 2098 quoque
954 2012 1100 2095 epistolas
1123 2012 1260 2096 scripsit,
1291 2012 1389 2097 iisque
1414 2014 1461 2079 tot

208 2129 424 2213 tantarumque
447 2149 549 2196 neruum
572 2129 718 2197 historIae
740 2130 884 2196 ultimam
907 2128 1004 2195 veluti
1025 2147 1152 2196 manum
1175 2128 1327 2214 imposuit.

297 2243 436 2329 Denique
449 2246 597 2328 tanquam
612 2245 870 2324 documentorum,
892 2263 969 2329 quae
983 2244 1017 2309 in
1032 2244 1089 2309 hec
1102 2244 1181 2310 libro
1204 2245 1349 2328 prostant,
1372 2259 1459 2309 oero-

207 2359 319 2438 nidem,
342 2359 493 2442 optimum
509 2359 592 2426 tactu
608 2361 782 2426 censuimus
797 2359 1037 2426 instrumentum
1052 2358 1131 2425 illud
1146 2359 1180 2424 in
1194 2358 1328 2426 medium
1344 2357 1460 2437 afferre,

207 2475 287 2542 unde
317 2475 444 2554 scimus,
473 2475 646 2541 Romanum
675 2475 850 2560 pontificem
879 2474 1033 2541 curavisse
1061 2474 1220 2540 archivum
1248 2474 1459 2541 Ravennatem

205 2591 465 2674 perscrutandum,
489 2594 525 2658 ut
546 2591 734 2657 Ravennatis
757 2591 936 2658 exarchatus
959 2592 1077 2674 partem
1100 2589 1196 2656 fuisse
1211 2589 1366 2656 Mutinam
1389 2589 1459 2656 inde

205 2707 301 2774 eliciti
332 2709 427 2774 testes
456 2709 694 2792 comprobarent.
740 2707 878 2774 Profecto
901 2727 936 2774 ex
957 2707 1015 2773 heo
1042 2705 1126 2773 fonte
1148 2704 1180 2771 id
1210 2705 1320 2773 saltem
1351 2706 1459 2773 deduci

205 2823 315 2907 potest,
337 2841 430 2907 quam
459 2823 625 2906 praefracte
648 2823 823 2906 Alphonsue
853 2821 1014 2901 obstiterit,
1043 2823 1207 2906 quominus
1233 2821 1457 2906 pontificiorum

205 2937 320 3005 iurium
343 2937 524 3006 documenta
546 2957 582 3004 uc
605 2938 781 3006 testimonie
810 2938 1035 3024 inquirerentur
1057 2939 1089 3003 et
1109 2937 1143 3003 in
1166 2938 1265 3004 lucem
1293 2938 1457 3022 prodirent.

205 3053 280 3120 Inde
302 3053 396 3120 etiam
419 3053 524 3138 liquet,
547 3055 682 3138 tempore
697 3053 797 3121 Caroli
819 3054 925 3138 magni
940 3055 972 3119 et
987 3053 1153 3132 Othonum,
1176 3053 1289 3138 pariter
1307 3072 1342 3120 ao
1364 3073 1455 3137 supo-

205 3169 283 3236 rioro
304 3170 412 3247 aetate,
442 3167 605 3250 Mutinam,
628 3171 762 3256 Regium
784 3169 899 3254 Lepidi,
929 3170 1073 3236 Parmam
1097 3170 1128 3236 et
1150 3168 1339 3236 Placentiam
1361 3169 1457 3236 fuisso

205 3285 355 3351 Aemiliae
378 3286 467 3350 urbes
490 3284 529 3350 ad
552 3284 730 3352 Ravennam
757 3285 980 3371 quodammodo
1004 3286 1183 3369 spectantes.
1228 3282 1314 3364 Quod
1337 3285 1364 3350 si
1387 3284 1457 3368 quis

205 3399 333 3480 dubitet,
364 3419 404 3466 an
426 3399 560 3485 genuina
583 3402 647 3467 sint
669 3401 781 3494 omniu
811 3404 915 3468 tumen
939 3401 998 3466 sibi
1021 3401 1208 3485 persuadeat
1230 3400 1319 3482 pluro
1340 3399 1457 3467 ibidem

204 3534 271 3582 esse
290 3513 393 3600 digna
416 3516 527 3600 quibus
548 3517 639 3601 plene
653 3516 802 3584 habeatur
824 3516 909 3595 tides,
931 3519 972 3596 et,
995 3515 1114 3600 siquid
1138 3516 1265 3584 tortasse
1279 3515 1349 3582 vitii
1371 3515 1455 3594 insit,

204 3631 237 3698 id
252 3650 313 3698 nen
329 3631 706 3699 aliienisIRavennetibus
721 3651 787 3699 esse
802 3631 1043 3712 adscribendum,
1058 3651 1154 3716 quum
1168 3632 1192 3697 ii
1206 3631 1246 3698 ad
1260 3629 1455 3709 defendenda,

204 3765 281 3832 quae
305 3747 364 3813 sibi
387 3749 611 3832 arrogaverunt
633 3749 701 3814 iura
722 3747 773 3814 his
795 3747 1009 3815 instrumentis
1031 3748 1197 3814 uterentur.

293 3860 482 3930 Confidimus
511 3863 621 3948 igitur,
650 3864 791 3930 nostrum
820 3881 896 3948 opus
926 3861 1070 3929 studiosis
1099 3861 1251 3946 cultisque
1279 3858 1454 3929 hominibus
1562 3835 1572 3851 ⁹

203 3977 287 4044 hand
315 3977 426 4044 inutile
448 3977 520 4058 fore,
551 3979 642 4062 atque
665 3977 739 4046 adeo
769 3977 933 4046 historicae
954 3977 1087 4058 veritati,
1116 3978 1176 4043 heu
1199 3977 1331 4044 nimium
1358 3993 1455 4061 oppu-

203 4095 314 4178 gnatae
343 4097 374 4161 et
405 4094 453 4160 vel
483 4093 618 4178 partium
648 4093 750 4160 studIo
779 4094 828 4160 vel
856 4093 1048 4180 ignoratione
1077 4091 1209 4158 fontium
1238 4093 1396 4176 corruptae
1419 4110 1456 4158 uc

204 4209 338 4276 tenebris
360 4209 485 4290 obsitae,
508 4227 569 4276 non
591 4229 700 4294 parum
722 4208 869 4276 utilitatis
891 4209 1066 4276 allaturum

292 4324 414 4391 Dabam
438 4325 580 4409 Pragatti
602 4325 636 4390 in
658 4324 846 4392 Bononiensi
867 4325 959 4392 dioec.
986 4329 1002 4394 1
1029 4321 1095 4390 Oct
1121 4323 1214 4390 1884.

1026 4433 1371 4544 PetrusiBalan
