3132 4910
536 323 780 388 —305—

46 515 164 581 ditomm
193 516 282 582 ruine
310 519 342 582 et
370 516 546 583 discrimine
574 534 739 601 consequor
767 516 854 581 nihil.
908 517 1014 600 Itaque
1043 515 1117 581 dum
1146 514 1282 581 audirem

47 630 323 698 ohdsttanissimum
346 650 450 716 regem
465 631 503 697 ad
526 630 743 698 transiliendus
765 631 850 714 elpes
865 631 1035 697 accinctum
1057 631 1208 697 bellorum
1229 631 1244 696 t
1267 665 1282 679 ·

47 746 182 812 multibm
204 747 307 832 magis
330 747 473 826 accensis,
504 765 564 814 non
588 747 685 813 solum
709 747 860 830 temptari
888 747 990 831 eliqua
1013 746 1097 830 paeis
1126 744 1284 812 tractanda

46 861 135 926 media
156 861 290 940 suadere,
314 861 367 929 sed
389 864 420 929 et
434 863 523 928 illurn
539 862 648 928 dehine
670 861 855 938 admiratum
871 861 997 928 mancia
1020 861 1098 928 rivis
1120 860 1171 927 hio
1194 860 1282 926 affla-

45 976 118 1042 tibus
139 978 169 1044 et
190 977 344 1045 illustrem
367 978 536 1062 rieeregem
566 978 679 1044 litteris
703 995 738 1043 ac
767 977 937 1043 oratoribus
960 976 1000 1042 ad
1022 995 1088 1043 rem
1110 977 1212 1061 ipsene
1232 976 1283 1043 in·

45 1091 154 1168 ducere;
177 1093 313 1159 sentiens
335 1093 438 1159 numm
461 1093 531 1159 inde
553 1093 710 1178 utriusque
726 1093 845 1158 enimes
868 1091 987 1158 adhoc
1010 1093 1086 1158 setis
1110 1091 1285 1177 dispositos,

46 1207 84 1272 rei
104 1207 305 1275 conditionem
326 1209 440 1276 litteris
472 1209 550 1274 meis
573 1207 674 1275 subito
704 1208 845 1274 nuntiavi
873 1207 990 1294 prefato
1014 1229 1038 1274 r.
1062 1208 1286 1294 archiepiscopo

44 1323 163 1389 multata
190 1325 375 1408 paternitate
405 1343 460 1390 sua
497 1324 536 1390 ed
567 1323 737 1393 uberiorem
772 1325 922 1390 metatus
952 1342 1155 1408 progressum.
1209 1321 1286 1390 Cum

44 1441 137 1506 auam
158 1440 245 1524 pater
259 1440 338 1505 bme.
361 1440 489 1506 celerem
511 1439 578 1506 eius
593 1439 758 1506 adventum
777 1458 939 1524 sperarem,
962 1439 1073 1523 quique
1087 1439 1208 1506 collatis
1231 1439 1287 1505 de·

44 1552 108 1618 hinc
129 1553 167 1620 ad
188 1553 320 1624 invicem
342 1554 470 1640 agendis
493 1574 517 1620 e.
534 1573 558 1620 s.
573 1573 634 1620 una
657 1554 694 1621 de
717 1553 860 1620 omnibus
882 1555 973 1620 ambo
995 1555 1154 1622 certiorem
1177 1554 1285 1621 redde-

44 1687 145 1749 remus,
160 1668 269 1740 distuli
283 1670 431 1736 hactenns
453 1670 509 1736 hee
528 1669 576 1734 illi
591 1669 664 1736 note
678 1669 790 1746 lacere;
814 1689 919 1735 rerum
934 1668 1007 1754 quia
1022 1669 1107 1736 video
1123 1670 1287 1737 adventurn

43 1783 184 1850 eiusmodi
210 1784 342 1851 nimium
370 1785 518 1851 remorari
541 1804 577 1851 ec
599 1805 664 1851 rem
686 1786 752 1850 tam
775 1783 901 1870 dignam
931 1787 1054 1871 tamque
1084 1785 1287 1852 necessariam

44 1899 166 1965 ubemori
187 1898 342 1966 eeleritate
364 1899 509 1984 indigere,
533 1900 638 1966 censui
652 1901 707 1966 hee
730 1919 757 1965 r.
774 1919 796 1965 s.
813 1899 961 1967 nuntiare.
1007 1897 1107 1979 Quam
1129 1900 1288 1966 humiliter

44 2011 176 2096 deprecor
197 2014 342 2100 dignetur
363 2015 397 2080 in
419 2015 534 2101 optimo
564 2013 713 2081 firmanda
735 2015 819 2098 pacis
848 2014 1001 2100 proposito
1026 2033 1080 2082 suo
1103 2017 1135 2082 et
1156 2015 1287 2100 benigne

43 2129 196 2210 persistere
219 2129 251 2196 et
273 2149 338 2198 rem
354 2130 393 2196 sd
416 2130 555 2198 effectum
572 2130 731 2208 deducere;
754 2131 908 2216 egoenim
931 2149 985 2215 pro
1000 2130 1116 2196 viribus
1139 2133 1287 2216 qnantum

43 2243 140 2310 inme
162 2244 209 2311 est
224 2245 349 2314 omnino
372 2246 510 2326 conabor,
534 2246 636 2312 studia
658 2247 690 2312 et
712 2245 812 2314 otiioia
835 2265 951 2332 queque
966 2265 1035 2312 mea
1049 2244 1088 2312 ed
1110 2246 1168 2313 hoe
1190 2246 1286 2312 inter-

43 2378 153 2442 ponere,
176 2361 357 2427 existimans
379 2359 500 2446 gratim
522 2362 561 2427 ab
584 2381 634 2427 me
656 2360 751 2426 nichil
775 2380 799 2428 e.
816 2381 839 2427 s.
863 2360 943 2427 effici
957 2380 1046 2446 posse
1067 2380 1176 2446 nempe
1198 2380 1288 2446 quem

43 2475 299 2560 promptissimum
330 2478 361 2543 et
389 2475 622 2543 devotissimum
651 2476 751 2544 tilium
780 2476 914 2543 inveniet
937 2495 1069 2562 semper;
1099 2477 1225 2543 eandem
1255 2477 1287 2542 in

44 2587 149 2656 Saum
170 2590 248 2658 Sede
272 2610 328 2657 sue
357 2591 411 2657 diu
439 2591 675 2676 felicissimeque
702 2606 824 2677 preesse
853 2592 997 2658 concedat
1019 2592 1199 2658 altissimus.
1244 2592 1288 2656 lli

43 2703 188 2771 Thaurino
212 2705 263 2772 die
286 2707 329 2772 iii
352 2707 468 2774 mensis
491 2706 674 2775 Novembris
699 2705 825 2793 (1524).

918 2876 952 2941 lt
976 2873 1006 2941 S.
1029 2874 1066 2941 V.

749 2989 951 3057 Humillimus
973 2991 1005 3056 et
1027 2988 1242 3056 devotissimus

808 3105 906 3171 lilius
929 3105 988 3170 dur
1012 3102 1189 3170 salsulae.

1065 3219 1199 3286 Cherles.

629 3507 704 3573 231.

358 3695 460 3757 Cives
483 3698 771 3758 Hildesemensss
794 3695 978 3758 Clementi.

429 3807 516 3893 (litt
531 3807 591 3874 div.
606 3809 637 3874 et
652 3807 746 3891 princ.
761 3806 802 3873 II.
818 3804 910 3893 343).

533 3923 576 4009 (i.
596 3921 673 3989 Ner.
691 3921 801 4008 1524).

125 4092 314 4160 Beatissimo
337 4091 429 4174 pater.
475 4091 607 4177 Accepto
628 4109 725 4175 nuper
746 4089 832 4157 brevi
855 4087 1028 4155 sanctitatis
1051 4089 1150 4155 vestm
1164 4090 1288 4173 peteme

42 4207 312 4276 commiserationis
344 4224 379 4273 aa
409 4207 625 4274 consolationis
656 4206 760 4291 pleno,
797 4205 875 4271 mire
907 4203 1077 4271 animorrnn
1115 4205 1287 4270 nostrornm

41 4323 221 4404 gratitudine
245 4325 278 4390 et
301 4323 457 4408 voluptate
479 4321 518 4387 ad
533 4321 690 4388 meliorem
714 4338 799 4408 spem
814 4319 907 4386 ereeti
928 4317 1143 4385 afficiebamur.
1181 4315 1287 4403 Signi-

43 4437 160 4505 testum
183 4440 281 4507 etiam
305 4441 372 4505 turn
396 4439 485 4505 nobis
507 4438 609 4504 ext'tit
630 4437 819 4504 adversarios
841 4436 931 4501 ducas
954 4454 1008 4519 per
1030 4434 1133 4500 brevia
1156 4453 1180 4500 s.
1203 4453 1230 4501 r.
1254 4435 1289 4500 ut
