3128 4908
759 273 1004 352 ²244·-

254 483 407 566 saverunt
430 499 526 570 neque
548 479 584 549 ut
613 481 738 568 apparet
760 481 833 549 sunt
861 477 1018 549 servaturi
1064 479 1123 551 llis
1145 477 1244 568 pectis
1272 477 1507 555 conditionibus

253 603 307 668 illo
328 601 461 687 procella
484 599 597 666 summi
620 597 746 683 periculi
768 599 836 665 tum
858 617 877 664 e
899 599 988 666 nobis
1010 599 1137 683 depulsa
1158 603 1215 680 est,
1239 599 1292 667 sad
1315 602 1380 668 tem
1402 603 1507 668 subito

251 719 282 784 et
303 716 457 802 insperato
478 714 669 781 incommodo
691 713 854 781 consilium
875 716 998 781 nostres
1019 714 1215 799 profectionis
1238 717 1394 783 sublatum
1415 717 1504 784 vido·

250 833 349 913 betur,
364 830 610 899 dissuadentibus
633 829 695 897 fere
711 829 853 896 omnibus
869 832 902 896 ut
918 831 957 896 ab
973 829 1082 896 itinere
1096 831 1322 913 desisteremus,
1345 831 1503 918 quodiam

250 951 368 1014 nullam
382 947 559 1013 habiturum
582 948 663 1014 esset
677 945 870 1030 dignitatem,
893 965 948 1012 nec
962 947 1061 1030 optati
1075 947 1174 1013 exitus
1196 947 1281 1031 pacis
1295 949 1504 1015 conciliandus¹

250 1066 390 1149 gratiam.
437 1061 585 1128 Stetimus
614 1062 710 1146 igitur
739 1061 887 1146 ancipites
917 1063 948 1128 et
977 1063 1171 1129 vehementer
1202 1063 1288 1130 dubii
1318 1065 1503 1148 quidnobis

249 1181 330 1248 esset
351 1178 512 1264 egendum.
558 1177 640 1244 Haec
669 1177 874 1264 hnquerepti
903 1180 991 1244 erent
1013 1179 1057 1244 sic
1086 1179 1209 1246 turbata
1231 1198 1339 1263 pamm
1363 1183 1501 1252 mutum:

250 1295 289 1360 ad
312 1293 529 1362 conficiendam
550 1311 657 1377 pacem
680 1313 740 1360 non
762 1291 902 1359 accedere
931 1312 1040 1379 perum
1062 1295 1149 1377 pium
1171 1293 1347 1372 ridebatur;
1377 1315 1449 1362 cum
1473 1317 1504 1361 re

249 1410 345 1476 denuo
361 1429 431 1476 cum
446 1413 573 1476 venete·
589 1409 734 1476 iratribus
750 1408 863 1475 nostris
880 1409 1111 1489 communicate,
1127 1410 1184 1476 hoc
1198 1411 1363 1477 consilium
1378 1415 1501 1496 mptum

248 1523 303 1606 est
326 1527 361 1591 ut
383 1523 574 1590 mitteremus
598 1525 637 1590 ad
659 1543 764 1590 omues
786 1543 873 1607 roges
896 1543 989 1591 noros
1005 1524 1139 1604 nuncios,
1162 1526 1216 1610 qui
1237 1529 1269 1591 et
1290 1528 1499 1594 calamitatem

247 1641 334 1728 regni
348 1640 502 1726 Ungariae
518 1640 548 1706 et
562 1639 775 1706 necessitatem
789 1639 874 1722 pacis
895 1641 926 1706 et
941 1641 1080 1706 nostrum
1096 1659 1214 1724 quoque
1228 1646 1381 1709 recentem
1395 1662 1500 1709 casum

247 1757 471 1844 significarent;
494 1775 530 1823 ec
553 1755 580 1822 si
602 1755 779 1822 coeuntibus
802 1773 906 1822 eorum
928 1753 967 1821 ad
981 1775 1088 1840 pacem
1110 1759 1142 1822 et
1165 1757 1301 1824 studium
1324 1757 1500 1824 concordiae

247 1873 456 1942 voluntatibus
478 1871 590 1957 aliquis
605 1871 767 1956 eligeretur
789 1872 873 1938 locus
887 1872 921 1937 in
937 1889 995 1955 qno
1019 1871 1085 1938 lieri
1103 1891 1263 1940 commune
1278 1892 1386 1958 remum
1403 1875 1498 1941 collo-

246 1985 351 2076 quium
374 1989 454 2056 inter
476 1989 558 2072 ipsos
573 1990 685 2071 posset,
707 1989 829 2054 nosmet
842 1987 1057 2054 denuntiarent
1072 1988 1111 2053 ad
1134 1988 1212 2054 illud
1227 1989 1414 2074 colloquium
1433 2009 1499 2057 esse

245 2107 395 2182 venturos,
418 2123 453 2170 ac
475 2103 530 2169 alii
545 2103 584 2168 ad
606 2103 683 2168 alios
698 2103 845 2168 destinati
868 2105 947 2168 sunt
992 2103 1042 2168 Ad
1064 2105 1179 2170 teucro
1202 2103 1247 2169 lili
1263 2105 1425 2171 carissime
1441 2125 1497 2171 non

245 2221 408 2288 habuimus
431 2219 629 2286 dexteriorem
650 2218 876 2303 prudentiorem
906 2219 1051 2284 nuncium
1074 2237 1164 2304 quem
1188 2221 1381 2288 mitteremus
1404 2241 1496 2306 quarn

244 2342 331 2404 tuum
354 2337 452 2420 ipsius
474 2336 639 2414 oratorem,
669 2334 754 2400 cuius
776 2334 861 2400 omni
889 2334 947 2399 hoc
975 2336 1110 2418 tempore
1140 2354 1262 2401 summa
1283 2355 1358 2422 erge
1387 2356 1446 2403 nos
1468 2341 1497 2402 ol

243 2455 323 2519 hanc
344 2451 488 2518 Sanctum
505 2449 614 2517 Sedem
637 2450 737 2516 ollicia
752 2449 925 2528 extiterunt,
947 2449 1001 2516 ille
1014 2450 1106 2530 enim,
1122 2451 1207 2517 nullo
1229 2452 1333 2518 labore
1351 2457 1496 2523 recusato.
1562 2533 1563 2545 χ

244 2587 333 2654 saepe
355 2567 436 2634 inter
458 2585 513 2633 nos
537 2567 568 2632 et
591 2565 731 2650 Ugonem
753 2565 816 2630 iam
838 2564 971 2642 dictum,
1001 2585 1071 2631 oum
1094 2583 1149 2632 neo
1171 2565 1346 2651 gladiorum
1375 2589 1434 2635 nec
1456 2570 1494 2634 li·
1561 2643 1562 2649 η

243 2683 359 2751 candae
382 2683 526 2749 mtharis
556 2681 725 2766 periculum
747 2681 826 2765 quod
847 2679 897 2746 illi
919 2681 958 2746 eb
987 2681 1106 2764 cupidis
1129 2681 1257 2766 praedae
1280 2686 1312 2749 et
1335 2685 1494 2768 sangoinis
1560 2735 1561 2755 r

243 2799 397 2868 militibus
418 2799 601 2864 imminebat
623 2797 708 2863 illins
731 2797 877 2881 pietatem
899 2798 931 2862 et
952 2815 1075 2880 operam
1104 2797 1281 2878 retardaret,
1311 2800 1396 2866 omni
1421 2801 1494 2867 soli-
1559 2831 1560 2859 ι

242 2916 376 2982 citrrdine
399 2914 483 2980 omni
505 2912 605 2980 studio
627 2914 659 2977 et
673 2931 762 2998 opere
785 2913 911 2978 conotus
933 2914 989 2991 est
1012 2914 1047 2978 ut
1069 2915 1099 2978 et
1114 2913 1239 2980 illorum
1261 2915 1416 2982 crudelem
1433 2919 1493 2982 rim
1558 2911 1559 2914 ’

243 3031 409 3116 mitigaret,
431 3031 462 3096 et
484 3048 539 3095 nos
562 3029 602 3094 ad
623 3027 872 3112 compositionem
895 3047 966 3092 cum
987 3027 1051 3094 illis
1074 3027 1244 3108 adduceret,
1273 3030 1324 3095 coi
1345 3033 1493 3116 quantum

243 3148 407 3214 debeamus
422 3146 472 3212 vix
487 3163 649 3230 possumus
672 3141 835 3228 explicere;
859 3147 938 3210 certe
953 3143 1016 3209 nisi
1029 3144 1095 3210 eius
1110 3143 1261 3210 industria
1282 3149 1316 3211 et
1329 3148 1494 3212 auctoritas

241 3262 472 3342 intercessisset,
501 3259 624 3346 aliquod
646 3259 747 3326 mains
777 3260 895 3325 malum
917 3259 972 3326 illo
996 3259 1044 3325 die
1068 3260 1177 3326 fuisset
1204 3263 1369 3346 patratum
1417 3261 1492 3328 Oom

240 3379 336 3464 igitur
359 3381 390 3444 et
412 3377 501 3445 testis
532 3375 631 3442 hdehs
654 3377 684 3441 et
714 3375 847 3458 prudens
876 3373 1047 3458 explicitur,
1077 3377 1108 3441 et
1130 3377 1246 3459 optima
1269 3380 1373 3444 mento
1402 3381 1492 3464 etque

240 3495 343 3562 animo
365 3495 399 3560 in
414 3492 529 3559 Christi
551 3511 616 3559 rem
631 3491 787 3576 praeditus
810 3491 932 3558 anobis
955 3493 1037 3556 esset
1051 3492 1212 3571 iudicatus,
1235 3512 1305 3559 eum
1321 3495 1355 3560 in
1377 3499 1490 3562 secreto

239 3611 418 3678 consistorio
448 3609 595 3676 iussimus
625 3607 843 3686 introductae
871 3607 962 3672 illum
991 3608 1137 3674 obtestati
1160 3627 1266 3674 sumus
1296 3612 1331 3674 ut
1354 3611 1414 3676 iter
1437 3613 1490 3678 boc

239 3727 444 3795 necessarium
467 3725 505 3790 ad
528 3727 558 3790 te
580 3743 634 3808 pro
657 3723 824 3789 christiane
839 3723 993 3806 republica
1015 3725 1046 3789 et
1067 3725 1126 3790 Dei
1148 3724 1258 3808 optimi
1280 3725 1410 3792 maximi
1426 3727 1489 3806 noe,

238 3865 273 3911 ae
296 3863 350 3930 pro
373 3843 478 3910 nostre
500 3841 651 3927 dignitate
675 3840 848 3923 susciperet,
875 3858 966 3924 quem
995 3838 1163 3923 petitionen
1191 3843 1330 3907 nostram
1352 3845 1488 3910 omnium

239 3965 378 4030 rene.lium
396 3960 527 4026 iratmm
549 3959 721 4024 nostrorum
744 3975 847 4040 preces
871 3958 943 4021 sunt
966 3957 1151 4036 subsecutae,
1174 3961 1265 4042 atque
1287 3958 1362 4042 ipse,
1385 3963 1423 4026 ut
1445 3968 1487 4028 est

237 4082 271 4148 in
292 4078 377 4146 omni
391 4077 441 4161 pio
464 4076 566 4141 labore
581 4071 838 4158 promptissimus,
861 4073 920 4138 etsi
943 4072 1048 4138 durius
1064 4074 1255 4157 aliquantum
1277 4073 1410 4142 ducebat
1425 4079 1487 4144 sine

238 4201 290 4264 tno
312 4195 398 4261 iussu
421 4212 440 4258 a
462 4195 515 4258 tua
544 4191 696 4275 legatione
718 4187 878 4268 discedere,
907 4191 1012 4255 temen
1041 4190 1127 4256 tento
1153 4207 1302 4256 consensu
1331 4193 1438 4259 nostro
1459 4201 1486 4260 et

239 4313 362 4376 sanetus
386 4309 545 4393 apostolici
566 4309 674 4386 victus,
697 4325 732 4373 ac
754 4305 868 4390 optime
890 4306 1070 4372 existimans
1094 4305 1251 4373 serenitati
1273 4309 1344 4375 tuae
1367 4327 1423 4392 pm
1438 4315 1485 4376 bro

239 4425 348 4490 eximio
371 4425 472 4488 animo
487 4425 521 4488 in
544 4444 607 4489 rem
624 4423 738 4488 Christi
760 4425 791 4488 et
813 4425 975 4507 pubhcem
999 4425 1031 4490 id
1045 4445 1106 4492 non
1123 4428 1222 4494 solum
1244 4429 1417 4512 probatum,
1437 4431 1484 4495 sed
