3128 4908
543 279 792 358 ..ffi-

57 485 81 553 et
98 482 211 572 penitus
233 483 301 555 sins
322 482 434 554 damno
456 483 877 582 conservarsprsmittimnm
902 480 955 550 sed
977 479 1121 569 quoniam
1137 480 1187 571 (ut
1201 499 1287 550 acce·

57 605 154 690 pimus)
176 603 376 670 charissimus
399 604 433 670 iu
455 601 577 668 Christo
598 601 681 667 filius
703 602 807 667 noster
829 599 1009 667 Franciscus
1032 601 1217 668 Francorum
1238 619 1290 666 rsa

57 720 313 786 christianissimus
336 721 368 786 st
389 717 454 786 eius
477 735 597 784 camara
625 735 680 801 pro
702 715 851 782 fructibus
874 716 911 782 de
933 718 964 782 la
989 717 1072 783 Vaur
1093 719 1126 782 st
1147 716 1184 784 de
1206 717 1288 782 Inu-

58 854 150 918 rugues
171 835 299 902 ducatus
321 837 353 903 et
375 835 539 902 comitatus
561 831 738 900 huiusmodi
759 850 835 916 quos
850 831 941 898 certis
963 831 1052 898 annis
1069 832 1205 898 decursis
1219 852 1290 917 psr·

58 953 183 1034 sspsrmt
204 952 236 1018 in
253 970 313 1017 non
328 969 422 1034 parva
436 949 634 1034 pecuniarum
648 966 770 1014 summa
792 949 933 1014 tenantur
955 949 986 1014 st
1000 947 1130 1034 obligati
1147 949 1290 1027 existunt

59 1067 164 1152 ipseque
177 1066 312 1133 Jcarmss
333 1065 393 1132 dnn
416 1067 516 1132 ratam
539 1065 600 1130 sibi
614 1063 842 1148 contingentem
865 1081 900 1130 ac
921 1063 989 1128 iura
1010 1063 1049 1130 ad
1068 1063 1185 1130 innotus
1207 1064 1291 1148 ipses

57 1182 106 1247 siti
118 1182 317 1267 competentis
331 1181 431 1248 sidem
446 1180 627 1247 Catherinae
647 1178 787 1246 ducissas
802 1177 905 1245 cedere
920 1178 1089 1246 utiliorum
1105 1180 1291 1246 emtionem

57 1316 198 1379 procurare
218 1297 386 1382 promittit,
416 1315 472 1363 nos
494 1299 528 1364 in
549 1297 693 1362 eventum
721 1295 868 1361 ussm‘enie
889 1295 921 1360 et
942 1295 1108 1361 euclionis
1137 1295 1292 1361 iruutuuum

57 1412 215 1480 huiusmodi
236 1413 336 1480 eidem
350 1411 465 1478 ioanni
485 1411 557 1477 dnci
570 1411 687 1477 tructus
709 1429 784 1496 quos
799 1410 866 1495 ipse
886 1429 923 1476 su
937 1409 1134 1476 comitatibus
1156 1411 1188 1476 st
1203 1409 1292 1481 benis

60 1528 206 1610 praedictis
227 1527 375 1595 hacmnus
398 1528 532 1612 percepit
553 1545 589 1594 ox
603 1545 684 1593 nnuc
698 1525 779 1592 dioto
801 1526 914 1592 tutorio
929 1525 1051 1592 nomine
1075 1525 1134 1592 silui
1155 1525 1291 1592 remitti·

59 1663 126 1721 ruus,
140 1645 296 1730 ipsumque
311 1644 463 1710 Josnnem
477 1643 586 1710 ducem
600 1642 641 1708 ad
656 1641 842 1708 reddendum
858 1641 1008 1708 rationem
1016 1637 1292 1715 administrationis

59 1759 159 1826 tutelae
172 1760 307 1826 eiusdem
323 1759 503 1826 Gattmrinas
518 1757 657 1826 discissus
673 1757 722 1844 (ut
737 1757 837 1824 dicius
851 1757 988 1824 Josnnes
1001 1757 1062 1824 dur
1076 1757 1211 1844 asserit),
1233 1757 1296 1824 sibi

59 1875 186 1961 inrsgnc
201 1877 346 1942 irancmc
368 1873 576 1954 demandetis,
599 1877 631 1940 et
652 1893 706 1958 per
721 1891 792 1941 snm
814 1873 961 1940 smnus
975 1872 1209 1940 administrum
1230 1873 1292 1942 mi-

60 1991 130 2056 nime
149 1991 244 2058 teneri
272 1991 464 2058 decernimus
486 1993 517 2056 st
539 1990 578 2055 ab
600 2007 636 2054 sa
658 1987 811 2055 reddunda
839 1989 962 2073 penitus
991 1989 1159 2057 liberamus
1180 1992 1212 2058 st
1233 1991 1290 2057 ab·

60 2107 199 2173 solrimns
236 2107 387 2172 Volumus
409 2109 513 2172 autem
536 2103 616 2188 quod
633 2103 757 2170 donatio
779 2123 832 2188 por
854 2121 910 2170 nos
932 2103 1014 2172 dicto
1036 2105 1148 2172 tutoris
1170 2105 1296 2173 nomina

59 2221 143 2288 οἰᾱεω
164 2222 277 2289 Josnni
299 2221 370 2287 duci
392 2221 473 2286 faula
487 2224 519 2287 et
541 2219 625 2286 illius
639 2219 801 2285 ratificatio
824 2238 877 2303 per
899 2219 1000 2304 ipsam
1015 2219 1210 2288 &thamnam
1233 2221 1291 2290 du·

59 2338 165 2418 cissam,
186 2355 257 2404 cum
272 2339 310 2403 ad
326 2337 499 2422 legitimam
513 2338 627 2401 suum
642 2335 813 2420 peruenerit
827 2335 1003 2402 huiusmodi
1017 2335 1155 2402 miendu
1177 2337 1296 2404 nulllus

60 2453 94 2516 sit
111 2453 224 2520 roboris
246 2455 296 2520 uel
318 2451 467 2520 momenti
489 2451 555 2518 nisi.
572 2451 708 2521 ioannes
730 2451 796 2536 ipss
818 2450 878 2517 dux
901 2450 1036 2518 similem
1050 2451 1245 2520 donatiouem
1260 2453 1295 2520 in

61 2567 143 2634 iorms
163 2569 239 2636 iuris
263 2568 397 2636 validam
419 2585 491 2634 cum
514 2567 611 2633 simili
634 2567 773 2634 mistione
795 2569 827 2634 at
854 2567 1014 2635 evictionis
1036 2567 1237 2652 promissione
1259 2589 1294 2636 uc

62 2686 142 2764 pecto
162 2683 244 2769 quod
266 2703 320 2768 per
342 2683 617 2768 supervenientium
640 2681 773 2772 numum
796 2683 835 2749 ab
857 2701 892 2750 sc
914 2683 1018 2750 forsan
1034 2685 1293 2770 suscipiendorum

62 2801 177 2866 reuocari
198 2819 261 2867 non
282 2799 381 2885 possit
401 2798 500 2865 eidem
523 2797 704 2866 Catherinae
726 2798 865 2866 ducissae
887 2799 967 2866 intra
981 2799 1094 2885 viginti
1116 2801 1181 2868 dies
1203 2821 1223 2867 a
1244 2802 1294 2870 dis

62 2913 249 2983 intinctionis
271 2915 478 3001 praesentium
501 2933 554 2980 ssu
576 2913 784 3000 requisitionis
806 2934 860 3000 pur
882 2915 985 3000 ipsum
1000 2916 1152 2984 Josnnem
1167 2917 1294 2984 cardum

62 3028 197 3098 luisndas
211 3031 432 3116 computandos
446 3031 560 3108 iecerit,
575 3030 713 3116 quodque
727 3031 813 3097 omni
825 3049 899 3097 casu
913 3031 1109 3117 quodonatio
1124 3053 1178 3117 per
1193 3033 1294 3118 ipsum

62 3143 195 3222 loannem
217 3147 326 3213 dnusrn
349 3145 495 3226 faciunda,
518 3147 681 3231 postqrmm
703 3147 785 3214 iacta
807 3147 899 3214 luerit
921 3147 985 3214 sive
1007 3167 1061 3233 per
1078 3149 1293 3233 supervenien-
1400 3215 1407 3230 ,

63 3261 124 3327 tiam
138 3263 302 3330 liberorum
324 3263 389 3328 siue
404 3262 466 3328 alia
487 3279 664 3347 quacunque
686 3262 724 3329 de
738 3280 831 3329 eausa
853 3265 1053 3330 resolveretur
1075 3268 1105 3331 st
1121 3265 1207 3331 nulla
1222 3265 1292 3332 red-

63 3374 172 3458 meur,
193 3398 229 3446 sx
244 3381 319 3444 tunc
333 3377 456 3444 donatio
471 3395 524 3462 psr
546 3395 603 3444 nos
616 3377 698 3444 dicto
716 3379 828 3445 tutorio
843 3379 966 3446 nomine
981 3380 1079 3448 sidem
1094 3381 1207 3447 ioanni
1226 3382 1295 3448 duci

65 3491 129 3558 lucta
155 3495 248 3562 mam
278 3495 364 3560 nulla
385 3497 417 3561 et
438 3493 579 3560 inefficax
602 3493 644 3559 sit
665 3496 698 3560 et
725 3513 792 3562 sess
821 3497 979 3562 censeatur
1001 3515 1036 3562 eo
1058 3497 1133 3581 ipsc.
1179 3499 1295 3563 Datum

67 3607 178 3676 viterbii
200 3611 257 3677 snb
280 3610 372 3677 anulo
394 3609 560 3676 Piscatoris
582 3608 633 3676 dis
654 3609 716 3676 xiii.
739 3611 874 3696 Augusti
896 3611 1050 3679 mdxxuii'u
1096 3613 1296 3683 Pontificatuu

66 3726 153 3792 uoti.
196 3730 284 3794 Anno
307 3725 420 3810 quinto.

1004 3963 1207 4048 livangelista.

268 4193 312 4259 lia
336 4192 479 4278 originali
501 4193 687 4278 descriptum
710 4191 749 4260 de
770 4195 861 4260 verbo
883 4194 922 4259 ad
944 4195 1069 4260 verbum

465 4308 512 4376 Jo.
536 4310 647 4376 saruc·
670 4311 709 4376 ds
732 4309 886 4378 Salutatis.
