3152 4902
81 484 230 562 hortamur,
254 483 485 568 necquicquam
501 484 556 548 aba
572 483 602 548 te
617 481 735 566 gratius
758 481 950 564 expectamus
966 478 1045 564 qued
1061 497 1135 563 agas
1151 497 1204 562 pro
1219 477 1316 556 nobis,

81 618 160 682 quam
187 599 243 666 boc
265 599 370 682 ipsum
392 597 472 682 quod
494 599 533 663 ad
563 596 798 682 amplitudinem
820 599 906 664 tuam
929 597 961 664 et
982 595 1113 681 gloriam
1137 597 1317 678 tuarumque

80 734 158 800 opum
180 715 400 782 incrementum
423 717 455 780 el
484 713 720 798 recognitionem
743 713 882 798 pertinet.
927 713 964 778 ln
987 729 1046 796 quo
1068 729 1145 796 quse
1167 711 1255 778 nobis
1278 711 1316 776 ad

80 833 105 898 te
124 831 303 898 monendum
333 833 478 915 tanquam
501 830 601 896 filium
631 829 801 896 necessaria
830 828 896 894 visa
919 830 1000 907 sunt,
1030 847 1066 894 ea
1094 827 1234 894 dedimus
1256 827 1318 911 ipsi

80 945 225 1014 Broderica
247 947 282 1013 in
304 946 459 1012 mandatis
482 946 521 1012 ad
543 948 574 1013 te
596 945 779 1030 perferenda,
803 945 853 1010 cui
867 947 898 1010 et
913 943 1023 1011 nuncio
1045 963 1106 1010 nna
1121 942 1191 1010 istic
1213 944 1316 1008 nostro

80 1065 109 1127 ul
128 1067 218 1130 serta·
239 1065 294 1129 tna
316 1061 409 1129 fidem
431 1062 551 1141 habeat,
574 1061 735 1146 omniaque
756 1061 790 1127 in
812 1062 924 1128 bonam
947 1059 1076 1144 accipiat
1090 1060 1209 1145 partem
1232 1059 1316 1124 omni

80 1178 163 1244 animi
190 1178 291 1245 studio
322 1179 360 1244 ab
384 1197 419 1244 ea
449 1178 589 1263 petimus.
636 1178 752 1244 Datum
781 1178 896 1244 Romae
925 1178 981 1244 eu.
1010 1175 1059 1242 die
1091 1175 1152 1242 viii
1182 1174 1316 1260 Augusti

79 1293 182 1361 mdxxr.
227 1295 317 1362 Anno
340 1293 478 1362 seeundo.

156 1525 275 1594 Caesari
290 1563 335 1575 -
350 1528 408 1593 Pro
424 1526 555 1611 quodam
570 1527 609 1593 ad
618 1545 688 1594 eum
703 1525 918 1611 proficiscente.
929 1561 972 1572 -
982 1522 1186 1608 abnegasti
1196 1524 1314 1591 mdxxv.

154 1641 385 1726 Arcbiepiscopo
410 1641 611 1728 strigoniensi
635 1681 678 1690 —-
700 1643 759 1709 Pro
776 1641 929 1727 Stephano
952 1639 1121 1708 Broderieo.
1145 1677 1189 1688 «-
1211 1640 1269 1707 Die
1284 1643 1315 1706 et

76 1777 144 1824 enno
165 1760 198 1823 ut
220 1777 320 1843 supra.

660 1985 811 2105 aas

344 2185 530 2260 Stephano
554 2185 693 2246 Verbez
717 2188 835 2246 comiti
860 2187 1031 2260 palatino.

152 2339 269 2406 Dilecta
292 2339 346 2405 lili.
392 2337 437 2406 Ut
458 2339 592 2424 primum
614 2339 819 2407 intelleximus
842 2340 958 2406 nob.tem
982 2341 1068 2406 tuam
1092 2339 1156 2405 suis
1179 2338 1226 2404 illi
1249 2337 1311 2403 vir-

76 2453 179 2520 tutibus
201 2457 231 2520 et
248 2455 367 2520 meritis
391 2454 629 2539 suffragantibus
645 2473 705 2523 non
729 2457 828 2522 solum
851 2461 942 2522 oar.uli
962 2455 996 2523 in
1012 2454 1127 2520 Christi
1142 2453 1201 2520 filii
1216 2453 1313 2521 nostri

74 2569 205 2637 nucerini
227 2570 383 2655 Ungeriee
406 2571 488 2656 regis
510 2571 642 2637 illustris
659 2573 712 2638 sed
735 2572 829 2639 totius
852 2591 944 2657 prope
967 2571 1054 2656 regni
1069 2572 1187 2638 delectu
1211 2591 1245 2637 ac
1262 2571 1310 2636 iu·
1389 2611 1400 2636 .

75 2684 143 2752 dicio
163 2687 202 2753 ad
223 2687 309 2754 istud
331 2687 452 2753 comitis
482 2687 612 2770 palatini
641 2688 775 2755 officium
805 2689 900 2755 luisse
923 2689 1078 2756 sublatam
1107 2707 1143 2754 so
1166 2689 1312 2764 ecculm

75 2801 125 2866 etsi
144 2822 196 2887 pro
218 2803 275 2870 illa
297 2821 374 2887 qnae
396 2802 475 2868 inter
498 2821 553 2869 nos
576 2822 695 2889 semper
716 2805 890 2872 intercessit
915 2804 1121 2872 beniuolentia
1143 2806 1266 2890 gratum
1282 2805 1313 2868 et

75 2915 224 2986 iucundum
246 2919 279 2986 id
302 2919 475 2998 imbuimus,
498 2919 568 3002 plus
591 2923 695 2987 buren
709 2921 845 2988 laetitiae
868 2921 951 2987 illius
975 2922 1062 3006 regni
1085 2919 1204 2986 utilitas
1220 2937 1311 3004 quem

76 3034 141 3100 ratio
162 3035 316 3102 amicitiae
333 3033 393 3102 sibi
409 3034 589 3112 vindicarit;
612 3055 776 3122 quamqam
791 3039 874 3105 enim
889 3038 1023 3104 hominis
1046 3037 1134 3104 nobis
1159 3035 1311 3102 carissimi

76 3151 108 3226 et,
129 3152 161 3216 nt
181 3151 290 3218 multis
314 3151 403 3216 rebus
418 3150 481 3216 um
504 3153 711 3237 perspeximus
734 3155 831 3221 nostri
853 3154 1069 3233 amantissimi,
1092 3154 1203 3220 bonore
1232 3168 1310 3236 geu·

75 3261 194 3346 demus,
216 3267 414 3351 praecipuum
430 3268 534 3334 tamen
548 3268 626 3336 illud
641 3270 787 3355 gaudium
803 3273 942 3336 nostrum
957 3273 1013 3348 est,
1035 3269 1115 3354 quod
1130 3267 1310 3336 confidimus

76 3377 128 3445 Deo
147 3381 229 3448 istud
252 3401 380 3466 regnum
404 3383 566 3468 benignius
581 3385 746 3468 aspiciente
768 3389 889 3470 propter
911 3386 1103 3470 prudentiam
1126 3387 1157 3452 et
1179 3381 1309 3469 integri·

76 3495 157 3562 burn
178 3499 265 3564 tuam
288 3498 370 3582 regis
393 3497 483 3564 istius
499 3501 696 3584 amplitudini
719 3503 750 3568 et
772 3501 858 3587 regni
881 3503 975 3568 totius
999 3503 1091 3568 saluti
1114 3501 1228 3586 optimc
1243 3520 1310 3566 esse

77 3613 241 3690 consultum,
265 3612 302 3678 de
325 3633 383 3698 quo
406 3613 529 3698 quidem
557 3635 611 3682 nos
635 3617 790 3684 assiduam
814 3619 846 3684 iu
869 3617 971 3684 animo
994 3637 1097 3684 euram
1120 3618 1308 3702 gerebamus,

76 3727 98 3790 a
111 3728 170 3812 regi
192 3731 222 3796 et
237 3747 332 3813 regno
347 3747 408 3795 non
430 3749 538 3814 perum
555 3731 733 3812 metuentes,
757 3753 824 3799 oum
846 3734 978 3801 finitimo
994 3735 1081 3800 hoste
1096 3733 1308 3818 potentissimo

77 3841 221 3930 sudemque
235 3845 483 3923 insidiosissime,
506 3866 567 3913 non
589 3851 623 3914 ut
639 3849 836 3933 cupiebamus
858 3869 1048 3918 sumeremus
1064 3849 1197 3917 remedia
1212 3849 1308 3915 tantis

77 3958 200 4038 perieulis
222 3963 296 4046 epta
319 3962 487 4045 procurari;
517 3982 613 4048 neque
636 3967 738 4032 tamen
768 3985 939 4050 quenquam
962 3967 994 4030 in
1017 3967 1106 4050 eurlpa
1128 3968 1159 4033 el
1182 3965 1308 4031 crimine

77 4073 212 4154 unimus,
231 4075 285 4142 sed
308 4077 467 4162 apparebit
488 4077 620 4163 prolecto
644 4082 674 4144 et
697 4081 821 4164 patefiet
836 4082 913 4149 beno
936 4085 967 4149 et
989 4082 1135 4166 prudente
1159 4082 1223 4148 viro
1246 4082 1307 4148 tale

76 4205 171 4256 nunus
191 4194 282 4277 atque
304 4193 439 4259 officium
462 4195 704 4274 administrante,
728 4197 800 4280 quid
822 4199 921 4281 possit
941 4199 974 4264 in
988 4197 1195 4283 gubernandis
1217 4198 1307 4265 rebus

77 4309 181 4389 magnis
196 4309 292 4375 sixtus
309 4311 340 4376 st
363 4309 534 4393 integritas,
558 4314 588 4378 et
610 4331 702 4395 quarn
719 4313 781 4378 uim
804 4314 916 4380 habeat
938 4314 1013 4380 fides
1028 4315 1119 4398 atque
1140 4314 1307 4380 industria:

77 4436 140 4502 quas
160 4425 258 4508 partes
288 4427 433 4510 quoniam
462 4427 495 4492 in
518 4429 548 4493 te
571 4447 637 4493 esse
659 4430 870 4512 cognoscimus
899 4430 1005 4497 iccirco
1028 4429 1196 4497 maximum
1218 4433 1266 4496 cst
1289 4449 1307 4496 e
